3028 4882
204 245 245 310 38
631 242 749 296 creor
768 242 789 309 1,
811 248 958 296 ror-111.

41 461 44 465 -
142 427 189 476 107
203 407 324 472 salibus
348 410 433 471 certe
457 409 489 469 et
513 405 802 486 commiseratione,
826 425 907 488 quae
932 403 995 468 duo
1014 403 1190 486 plurimum
1212 403 1247 466 in
1271 401 1377 467 adfec-

202 496 289 560 tibus
318 496 440 577 valent,
467 495 610 557 vicimus.
656 496 688 558 et
716 493 855 558 fortasse
885 492 1030 576 epilogos
1062 492 1109 555 illi
1138 513 1207 556 mos
1237 491 1377 555 civitatis

203 584 381 666 abstulerit,
409 582 465 646 sed
489 585 521 646 et
543 581 638 646 nobis
661 581 730 665 illa,
754 602 835 665 quae
858 577 962 644 Attici
984 581 1152 661 mirantur,
1183 579 1309 644 diversa
1331 580 1378 643 la-

202 672 265 736 tini
296 671 452 736 sermonis
484 671 568 734 ratio
601 669 708 733 minus
740 669 930 753 permiserit.
984 668 1020 731 in
1057 668 1203 752 epistulis
1240 667 1377 751 quidem,

204 782 399 844 quamquam
431 763 508 823 sunt
538 759 719 842 utriusque,
756 757 947 842 dialogisve,
983 757 1018 820 in
1051 757 1167 840 quibus
1199 756 1282 820 nihil
1312 756 1376 834 ille,

144 849 293 913 108nulle
326 849 491 913 contentio
524 851 582 910 est.
633 846 810 916 cedendum
841 867 916 910 vero
945 845 980 908 in
1006 844 1084 928 hoc,
1116 845 1202 930 quod
1230 849 1262 908 et
1289 845 1378 928 prior

204 937 267 1001 fuit
294 941 326 1001 et
355 959 393 1000 ex
421 957 540 1020 magna
567 939 660 1018 parte
688 933 890 1016 Ciceronem,
914 937 1053 1017 quantus
1081 937 1143 1019 est,
1170 933 1255 997 iecit.
1300 955 1377 1007 nam

205 1025 283 1089 mihi
311 1025 438 1089 videtur
464 1023 507 1088 M.
536 1023 670 1106 Tullius,
698 1045 770 1087 cum
794 1043 827 1088 se
850 1025 956 1087 totum
979 1022 1019 1085 ed
1042 1021 1257 1086 imitationem
1280 1019 1376 1086 Grae·

205 1136 316 1177 corum
343 1113 546 1194 contulisset,
574 1111 735 1176 effinxisse
763 1112 828 1175 vim
855 1109 1094 1192 Demosthenis,
1122 1109 1248 1194 copiam
1270 1109 1376 1174 Plato-

143 1215 191 1264 100
204 1203 269 1284 nis,
296 1202 529 1265 iucunditatem
555 1199 717 1265 Isocratis.
762 1222 822 1264 nec
854 1221 930 1264 vero
964 1199 1050 1282 quod
1077 1199 1112 1262 in
1141 1220 1267 1285 quoque
1295 1199 1376 1280 opti-

205 1312 294 1353 mum
325 1289 400 1372 fuit,
438 1289 544 1354 studio
572 1293 763 1353 consecutus
796 1290 845 1352 est
877 1291 1019 1370 tantum,
1052 1286 1107 1350 sed
1139 1287 1295 1370 plurimas
1326 1287 1377 1352 vel

204 1379 313 1462 potius
346 1400 458 1442 omnes
491 1399 529 1440 ex
561 1399 594 1441 se
627 1377 698 1460 ipso
730 1376 866 1441 virtutes
900 1377 1014 1440 extulit
1045 1375 1227 1439 inmortalis
1255 1376 1378 1460 ingenii

204 1467 391 1530 beatissima
423 1466 578 1530 ubertate.
633 1487 700 1530 non
733 1465 818 1528 enim
850 1465 1017 1548 pluvias,
1053 1469 1090 1528 ut
1126 1464 1172 1527 ait
1208 1463 1375 1546 Pindarus,

206 1577 324 1639 aquas
349 1555 514 1639 colligit,
539 1554 603 1618 sed
625 1554 714 1618 vivo
740 1554 894 1638 gurgite
918 1552 1099 1636 exundat,
1128 1552 1213 1616 dono
1238 1553 1378 1635 quodem

163 1707 164 1712 ,
205 1643 426 1726 providentiae
450 1643 587 1727 genitus,
610 1643 645 1705 in
669 1665 732 1726 qno
755 1645 843 1706 totas
866 1642 949 1706 vires
973 1663 1048 1704 suas
1078 1641 1263 1725 eloquentie
1285 1663 1378 1723 expe·

144 1752 193 1800 110
205 1732 330 1796 riretur.
375 1753 452 1794 narn
490 1731 562 1814 quis
599 1730 713 1794 (locere
750 1731 950 1814 diligentius,
991 1751 1119 1793 movere
1156 1729 1377 1794 vehementius

205 1821 335 1904 potest?
372 1820 422 1884 cui
458 1823 552 1883 tanta
584 1841 737 1902 umquam
769 1818 951 1882 iucunditas
985 1817 1110 1881 adfuit?
1143 1820 1179 1880 ut
1211 1818 1283 1901 ipen
1313 1817 1377 1900 illa,

206 1931 287 1991 quae
320 1911 502 1991 extorquet,
534 1908 707 1990 impetrare
740 1929 812 1971 enm
846 1907 969 1988 credas,
997 1910 1030 1969 et
1056 1927 1129 1970 cum
1157 1909 1378 1971 transversum

205 1997 237 2060 vi
261 2018 319 2060 sua
342 1997 479 2060 iudicem
502 1995 599 2077 ferat,
628 1999 738 2059 tamen
761 1995 815 2058 ille
838 2017 906 2059 non
928 1994 1000 2077 rapi
1022 1994 1177 2077 videatur,
1201 1995 1255 2058 sed
1280 1995 1378 2078 sequi.

145 2103 192 2150 ιιι
207 2086 271 2148 iarn
299 2085 334 2148 in
362 2084 523 2166 omnibus,
551 2105 632 2167 quae
656 2083 741 2166 dicit,
765 2085 858 2147 tanta
883 2083 1058 2147 auctoritas
1081 2083 1174 2162 inest,
1197 2086 1234 2146 ut
1258 2083 1379 2147 dissen-

205 2175 266 2238 tire
294 2173 428 2257 pudeat,
455 2194 515 2236 nec
545 2172 692 2236 advocati
720 2172 875 2254 studium,
904 2172 959 2236 sed
987 2172 1080 2236 testis
1104 2174 1161 2235 aut
1188 2171 1301 2235 iudicis
1325 2171 1389 2234 ad-·

205 2347 346 2399 Hiernach
369 2345 405 2398 ist
432 2364 555 2409 acumen,
583 2344 678 2398 elersen
704 2345 763 2399 sicli
816 2346 878 2407 ΧΠ,
900 2352 940 2411 10,
959 2350 1004 2398 3οε
1024 2345 1228 2411 illamgratiarn
1246 2345 1380 2399 sermonis

205 2414 399 2466 Demosthenes
411 2413 531 2479 bedieut,
547 2413 636 2466 nichte
649 2414 762 2466 anderes
818 2412 915 2468 Attici.
939 2413 948 2479 ll
970 2414 999 2464 in
1019 2412 1158 2480 epistulis]
1181 2421 1262 2466 anter
1280 2414 1379 2466 Demo·

207 2482 245 2534 als
264 2481 308 2532 die
328 2482 453 2548 §praebe
470 2481 517 2532 dee
535 2480 717 2542 vermendes,
737 2481 762 2535 d.
818 2482 937 2533 sthenes’
969 2481 1074 2532 Neruen
1104 2480 1166 2532 sind
1202 2481 1271 2533 noch
1302 2480 1380 2534 rechs

206 2549 224 2603 i.
237 2548 409 2614 einesolche,
423 2548 526 2600 welche
541 2565 593 2600 unr
605 2548 633 2601 in
646 2548 764 2601 schlich·
819 2549 911 2600 Briefe
952 2547 1043 2614 iibrig,
1084 2547 1165 2600 deren
1195 2547 1381 2602 Uuaechtheit

205 2616 272 2681 ten,
300 2615 548 2682 cigenthiimlichen
585 2616 764 2670 husdriicken
816 2615 916 2684 jedoch
953 2612 1155 2681 nachgewiesen
1191 2615 1235 2669 ist.
1271 2616 1281 2683 ΙΙ
1315 2617 1379 2670 dia-

206 2684 251 2736 die
278 2685 431 2736 Gedanken
461 2684 625 2751 auespricht.
661 2684 699 2736 lle
728 2683 772 2736 ist
820 2682 934 2750 lopirve]
953 2681 1380 2736 beziehtsichaufdierneieteu

196 2752 265 2818 hier
296 2769 349 2803 nur
378 2751 421 2804 die
451 2751 674 2804 Beechail'enheit
709 2751 765 2802 und
820 2751 1060 2820 philosophischen
1094 2749 1234 2802 Schriften
1262 2751 1309 2804 des
1332 2751 1381 2803 Ci-

208 2819 376 2885 Gertaltnng
416 2819 465 2870 der
505 2818 580 2870 Rede
615 2819 767 2882 (elocutio),
822 2836 883 2870 cero
914 2817 970 2869 und
1002 2827 1084 2869 unter
1111 2816 1162 2868 deu
1194 2818 1380 2871 rhetorischeu

208 2887 285 2938 nicht
296 2886 344 2938 der
356 2887 547 2954 Denlrprocess
564 2887 693 2952 gemeint,
710 2886 766 2938 also
822 2885 873 2937 aul
888 2884 932 2935 die
945 2884 1054 2937 Bicher
1072 2883 1105 2935 de
1124 2893 1233 2937 oratore
1252 2886 1308 2938 und
1327 2885 1380 2938 den

207 2970 322 3006 acumen
342 2954 418 3005 nicht
436 2968 510 3005 etwa
531 2953 617 3004 durch
641 2953 766 3005 ‘Schari-
822 2953 935 3006 Brutus.
966 2952 976 3019 ΙΙ
1005 2955 1035 3004 in
1054 2953 1154 3020 quibus
1172 2955 1245 3005 nihii
1262 2954 1319 3022 ille]
1341 2971 1379 3006 sc.

207 3021 284 3073 sinn’
316 3037 349 3071 zu
380 3019 548 3072 iberretren.
590 3020 650 3072 Zur
678 3021 768 3072 Sache
821 3019 924 3072 effecit.

207 3087 261 3153 vgl.
286 3085 352 3149 xli,
375 3091 418 3150 10,
440 3091 487 3138 36:
507 3087 661 3140 subtilitate
680 3086 768 3139 vinci·
856 3092 913 3140 109.
927 3086 1098 3152 beatissimo]
1111 3087 1164 3154 vgl,
1178 3094 1201 3151 3,
1215 3093 1257 3140 22.
1271 3089 1280 3156 ΙΙ
1295 3097 1326 3141 ut
1338 3091 1382 3141 ait

208 3171 269 3208 mur
288 3155 315 3216 (a
328 3153 469 3220 Graecis)=
484 3157 620 3207 valeamus
634 3154 766 3223 pondere:
822 3153 979 3221 Pindarus]
999 3154 1027 3205 in
1046 3154 1098 3206 den
1115 3156 1309 3216 rorhandeneu
1323 3159 1381 3210 Ge-

208 3221 364 3303 proprietas
393 3239 477 3290 penes
501 3221 563 3276 illos
586 3231 628 3274 est
650 3222 764 3274 certior:
822 3222 933 3274 dichten
951 3221 996 3274 dee
1013 3221 1118 3273 Pindar
1135 3223 1238 3274 ist.die
1256 3223 1316 3275 hier
1334 3241 1382 3290 ge-

208 3307 288 3359 copra
316 3306 466 3343 vincamus.
498 3290 508 3357 i
539 3291 612 3342 nihii
641 3289 763 3357 detrahi]
821 3289 1024 3342 meinteStelle
1045 3288 1122 3341 nicht
1141 3290 1361 3343 nachzuweisen.

856 3363 912 3410 110.
932 3357 1107 3424 iocunditas]
1130 3357 1239 3410 bezieht
1256 3357 1314 3409 sich
1333 3358 1384 3410 auf

821 3426 870 3478 das
883 3424 968 3477 dritte
981 3424 1172 3477 Erfurderniss
1190 3425 1236 3477 dee
1250 3425 1379 3487 Rednerr,

823 3491 973 3546 conciliare
991 3491 1108 3544 atrimae:
1128 3511 1150 3546 s.
1171 3509 1203 3544 zo
1223 3497 1245 3554 §2
1259 3497 1300 3546 44.

856 3565 913 3611 111.
934 3558 1074 3626 advocati]
1093 3558 1152 3611 hier
1171 3561 1226 3612 und
1242 3560 1327 3613 theri
1338 3560 1381 3612 bei

825 3625 990 3689 Quintilian.
1011 3644 1032 3678 s.
1062 3645 1087 3676 v.
1115 3643 1140 3679 a.
1172 3640 1250 3680 actor
1273 3644 1380 3685 causae,

823 3693 984 3758 causidicus,
1020 3693 1151 3746 wihrend
1187 3713 1220 3747 zu
1258 3694 1379 3748 Cicero's

823 3761 886 3813 zeii
904 3761 1052 3813 advocatus
1070 3779 1124 3813 nur
1146 3762 1311 3830 deujenigen
1332 3763 1378 3814 be·

822 3826 975 3894 reichnete,
996 3828 1044 3880 der
1066 3828 1159 3882 seinen
1184 3829 1309 3882 Clienten
1331 3846 1381 3881 vor

823 3897 939 3948 Gericht
973 3895 1060 3948 durch
1099 3896 1174 3949 aeine
1209 3897 1380 3965 persbnliche

823 3965 992 4030 Gegenwart
1011 3963 1065 4016 und
1083 3964 1178 4017 seinen
1191 3964 1265 4016 Rath
1284 3974 1379 4016 unter-

821 4031 932 4087 stiitzte.
961 4030 972 4098 ΙΙ
1007 4049 1078 4099 qnae
1103 4071 1108 4082 .
1132 4073 1167 4088 ‚.
1198 4033 1302 4101 posset]
1333 4031 1380 4084 dns

822 4099 902 4168 impl,
921 4099 1001 4166 Conj.
1022 4098 1121 4151 bernht
1139 4102 1188 4152 auf
1204 4100 1253 4152 der
1271 4099 1380 4166 Ergin-

822 4182 896 4233 zung
931 4164 1005 4217 eines
1040 4166 1231 4233 bedingenden
1262 4167 1380 4220 Vorder-

821 4244 912 4286 ratres
932 4232 968 4299 (si
987 4231 1089 4298 vellet),
1109 4234 1160 4286 wie
1180 4234 1203 4300 l,
1224 4240 1248 4298 1,
1267 4240 1312 4286 22:
1333 4252 1381 4286 cur

822 4301 1006 4368 improbetur,
1028 4298 1052 4352 si
1074 4300 1134 4369 quis
1158 4318 1198 4364 ea,
1221 4319 1291 4370 quae
1309 4301 1397 4354 domi*

822 4387 887 4422 suae
899 4377 973 4420 recte
984 4369 1098 4434 fuceret,
1116 4369 1144 4420 in
1163 4369 1303 4438 publicum
1315 4386 1380 4438 pro·

208 3359 244 3412 cl.
263 3363 288 3419 ς.
307 3361 348 3410 rc

243 3429 300 3477 107.
312 3423 477 3492 adfectibus}
486 3425 764 3504 Gemfithsstirnmnn·

208 3491 770 3624 ttlnitlnltt”littttttrtt‘l

208 3625 251 3676 die
274 3623 443 3690 Stimmung,
468 3625 572 3677 welche
594 3644 624 3678 er
649 3625 691 3676 bei
709 3626 766 3678 dem

208 3692 318 3744 Redner
335 3700 515 3744 vorauseetzt.
537 3691 547 3758 ΙΙ
568 3691 696 3760 vicimus]
716 3693 768 3744 wir

208 3761 318 3826 Rimer,
335 3759 364 3810 in
382 3758 431 3810 der
448 3760 551 3811 Persou
571 3759 616 3813 der
632 3759 737 3812 Cicero.
755 3761 765 3828 il

209 3825 340 3895 epilogos]
360 3827 388 3878 iu
407 3826 496 3878 denen
515 3844 542 3879 es
555 3827 700 3880 beronders
719 3828 771 3880 auf

137 3921 142 3931 ·
209 3895 346 3960 Riihrung
365 3893 514 3961 abgeseheu
527 3913 594 3946 iver.
607 3895 617 3961 ΙΙ
630 3913 687 3946 mos
699 3897 767 3946 civi-

208 3962 289 4030 tatis]
310 3963 344 4015 cf.
359 3962 408 4024 Vl,
427 3967 450 4026 1,
471 3967 500 4015 7:
515 3962 629 4014 Athenis
643 3962 767 4016 adfectus

209 4047 316 4081 movere
338 4029 419 4082 etiam
444 4047 493 4097 per
512 4047 678 4147 praeconem
698 4048 765 4148 pro·

209 4096 353 4148 hibebatur
372 4105 474 4149 orator.
538 4097 575 4150 ies
598 4097 652 4164 gilt
666 4099 696 4165 je
717 4099 767 4150 och

211 4180 263 4214 nur
289 4181 342 4215 von
370 4162 421 4216 deu
449 4163 646 4230 gerichtlicheu
674 4165 767 4218 Redeu

209 4247 259 4282 vor
285 4228 344 4283 dem
376 4233 546 4299 Areopagus.
576 4232 586 4300 ll
616 4234 667 4285 illa
697 4251 768 4300 qnae

209 4299 295 4349 Attici
317 4299 471 4364 mirantur]
497 4299 532 4356 cl.
556 4304 580 4364 §.
606 4305 667 4354 100:
692 4299 767 4352 illam

209 4365 274 4418 eolis
309 4382 465 4418 concessam
498 4366 597 4420 Atticis
631 4384 768 4424 venerem.
