3028 4882
223 281 268 345 66
660 279 781 338 CAPUT
799 283 835 350 V,
853 288 965 338 15-19.

177 461 210 512 15
221 446 289 508 tate
320 444 460 530 fatigata
495 448 679 510 renovatur.
728 448 926 529 quapropter
960 445 1115 510 historiae
1152 466 1399 535 nonnumquam

218 533 353 598 ubertas
375 535 410 597 in
438 534 547 618 aliqua
569 532 737 598 exercendi
760 533 826 596 stili
848 536 941 616 parte
963 533 1115 616 ponenda
1138 540 1171 599 et
1193 536 1399 624 dialogorum

217 621 369 686 libertate
397 623 609 708 gestiendum.
654 643 696 686 ne
724 621 866 686 carmine
900 621 1029 706 quidem
1060 623 1170 688 ludere
1198 627 1398 692 contrarium

218 707 329 794 fuerit,
357 711 440 774 sicut
462 711 618 794 athletae,
645 710 780 774 remissa
807 709 1000 793 quibusdam
1027 712 1227 796 temporibus
1251 715 1395 780 ciborum

221 801 317 882 atque
351 800 617 865 exercitationum
646 802 734 863 certa
760 797 967 882 necessitate,
999 799 1065 864 otio
1094 804 1127 864 et
1153 801 1397 869 iucundioribus

175 887 323 972 reepulis
345 888 543 952 reficiuntur.
577 887 714 972 ideoque
736 887 817 951 mihi
834 886 961 951 videtur
983 885 1027 951 M.
1046 887 1172 953 Tullius
1195 893 1324 956 tantum
1346 893 1397 956 in-

217 976 331 1040 tulisse
354 975 556 1060 eloquentiae
583 977 708 1060 lumen,
735 975 821 1060 quod
842 975 878 1038 in
904 975 966 1039 hos
989 998 1117 1060 quoque
1142 978 1322 1044 studiorum
1346 1003 1394 1045 se·

217 1084 326 1129 cessus
349 1066 497 1130 excurrit.
538 1085 616 1130 nam
643 1065 671 1130 si
698 1064 793 1128 uobis
820 1065 891 1128 sola
918 1065 1054 1128 materia
1081 1065 1180 1130 fuerit
1208 1089 1246 1130 ex
1273 1067 1399 1154 litibus,

216 1173 349 1217 necesse
377 1157 427 1217 est
449 1153 614 1218 deteratur
639 1153 750 1238 fulgor
777 1155 810 1215 et
833 1151 982 1216 durescat
1010 1152 1164 1218 articulus
1188 1158 1221 1218 et
1247 1155 1316 1240 ipse
1339 1157 1398 1222 ille.

135 1296 142 1310 .
215 1262 327 1306 mucro
351 1242 477 1328 ingenii
500 1242 663 1307 cotidiana
685 1261 798 1326 pugna
819 1240 1019 1304 retundatur.

173 1349 205 1398 rr
308 1327 370 1394 Sed
394 1330 662 1414 quemadmodum
686 1328 869 1394 forensibus
893 1328 1123 1393 certaminibus
1146 1331 1338 1396 exercitatos
1361 1336 1397 1396 et

215 1419 309 1502 quasi
335 1419 507 1483 militantis
534 1419 638 1483 reficit
665 1439 703 1482 aa
729 1420 860 1501 reparat
890 1416 969 1480 haec
996 1416 1085 1480 velut
1116 1418 1232 1502 sagina
1259 1419 1398 1503 dicendi,

216 1506 262 1570 sio
291 1505 512 1572 adulescentes
539 1528 608 1572 non
634 1506 754 1570 debent
780 1505 916 1570 nimium
942 1505 978 1568 in
1005 1505 1089 1569 falsa
1116 1527 1225 1570 rerum
1251 1508 1398 1593 imagine

217 1593 355 1659 detineri
378 1599 411 1660 et
433 1595 586 1660 inanibus
614 1616 646 1661 se
669 1595 848 1659 simulacris
875 1613 976 1677 usque
1000 1593 1096 1678 adeo,
1122 1598 1159 1658 ut
1187 1595 1327 1660 difficilis
1351 1597 1396 1662 ab

215 1683 267 1746 his
292 1683 455 1768 digressus
483 1685 539 1767 sit,
566 1683 787 1767 adsuefacere,
813 1702 855 1746 ne
879 1682 919 1745 ab
946 1681 1018 1765 illa,
1043 1681 1079 1745 in
1102 1704 1166 1766 qua
1192 1705 1294 1767 prope
1318 1706 1394 1748 con·

216 1775 406 1856 senuerunt,
428 1773 544 1837 umbra
566 1794 642 1838 vera
666 1771 852 1836 dissemina
874 1770 964 1833 velut
986 1769 1145 1854 quendam
1169 1771 1270 1837 solem
1293 1773 1392 1837 refor-

171 1881 204 1932 18
216 1860 349 1924 mident.
365 1937 367 1941 ι
386 1862 471 1944 quod
495 1861 648 1926 accidisse
672 1862 770 1925 etiam
792 1858 907 1924 Porcio
922 1857 1071 1943 Latroni,
1094 1859 1149 1943 qui
1171 1860 1295 1943 primus
1313 1861 1393 1924 olari

215 1949 357 2012 nominis
370 1949 536 2033 professor
557 1950 633 2033 filit,
655 1950 809 2032 traditur,
831 1951 882 2030 ut,
905 1968 978 2010 cum
993 1947 1022 2010 ei
1037 1969 1196 2011 summam
1218 1949 1254 2012 in
1273 1948 1396 2013 scholis

215 2037 404 2120 opinionem
432 2039 594 2122 optinenti
617 2058 715 2102 causa
737 2037 772 2100 in
799 2037 871 2101 foro
900 2039 984 2098 esset
1012 2035 1147 2118 oranda,
1174 2037 1309 2121 inpense
1335 2059 1395 2122 pe·

213 2125 312 2209 tierit,
335 2128 383 2190 uti
407 2127 560 2191 subsellia
582 2127 617 2190 iu
640 2126 807 2191 basilicam
829 2122 1091 2188 transferrentur.
1127 2123 1175 2188 ita
1196 2125 1245 2188 illi
1268 2127 1393 2192 caelum

213 2235 334 2278 novum
357 2215 432 2298 fuit,
453 2220 492 2278 ut
514 2215 620 2280 omnis
643 2215 712 2278 eius
735 2213 921 2297 eloquentia
946 2211 1104 2276 contineri
1125 2215 1213 2276 tecto
1228 2233 1265 2278 ac
1287 2214 1394 2298 parie-

170 2319 203 2369 19
216 2302 304 2365 tibus
331 2302 502 2367 videretur.
544 2325 642 2387 quare
670 2303 808 2384 iuvenis,
841 2301 895 2384 qui
921 2299 1082 2364 rationem
1113 2299 1299 2365 inveniendi
1325 2303 1392 2366 elo·

213 2390 395 2474 queudique
419 2413 438 2454 a
461 2391 725 2476 praeceptoribus
749 2391 921 2474 diligenter
944 2388 1103 2471 acceperit
1126 2385 1227 2474 (quod
1249 2411 1318 2453 non
1341 2395 1393 2454 est

211 2478 333 2542 infiniti
356 2480 476 2563 operis,
501 2481 529 2544 si
552 2479 665 2545 docere
689 2480 793 2544 sciant
816 2479 849 2542 et
871 2475 999 2562 velint),
1027 2477 1289 2541 exercitationem
1312 2499 1392 2562 quo-

211 2587 274 2650 que
301 2567 462 2632 modicam
489 2569 588 2632 fuerit
615 2571 820 2649 consecutus,
848 2568 1009 2630 oratorem
1033 2563 1095 2629 sibi
1123 2565 1277 2650 aliquem,
1303 2567 1393 2650 quod

210 2655 296 2738 apud
319 2656 458 2721 maiores
480 2657 550 2721 fieri
573 2657 711 2741 solebat,
735 2656 870 2740 deligat,
893 2675 988 2738 quem
1012 2656 1177 2737 sequatur,
1200 2675 1294 2737 quem
1317 2654 1393 2721 imi·

246 2851 287 2898 15.
308 2847 492 2914 partiendam]
512 2847 665 2901 siohfreier
681 2847 769 2900 besve-
826 2844 996 2897 discriminis
1026 2849 1125 2898 neunt.
1169 2843 1231 2910 Vgl.
1260 2845 1330 2897 auch
1360 2851 1388 2906 1,

210 2928 275 2978 gen,
300 2913 357 2965 sich
385 2915 513 2981 ergehen.
545 2916 555 2983 ΙΙ
585 2913 770 2983 contrariam]
826 2911 938 2978 imitat
961 2912 1013 2963 iila
1037 2910 1148 2980 ambra]
1176 2911 1388 2968 heraustretend

210 2980 413 3048 zweclrwidrig.
440 2983 450 3046 ΙΙ
474 2983 530 3034 otio
549 2991 576 3034 et
595 2982 771 3034 iucundiori·
826 2995 874 3040 aus
894 3019 900 3032 .
923 3018 929 3033 .
949 3015 955 3030 .
976 2999 984 3043 3
1002 2977 1125 3030 insofern
1143 2977 1180 3030 ist
1203 2981 1238 3030 ab
1260 3002 1294 3023 =
1315 2989 1390 3047 port,

212 3048 263 3098 tas
277 3049 379 3115 epatis]
399 3049 473 3100 steht
490 3048 549 3100 dem
567 3049 769 3116 sorbergehen—
822 3063 878 3098 von
889 3044 1099 3098 unmittelbarer
1114 3045 1388 3114 Aufeinauderfolge.

209 3113 262 3165 den
280 3114 308 3165 in
327 3115 507 3168 ehiastischer
522 3115 651 3182 Stellung
667 3133 769 3183 gegen-
823 3113 884 3166 niv.
909 3119 953 3179 44,
972 3119 1018 3166 34:
1038 3112 1071 3165 ab
1090 3111 1131 3165 his
1149 3114 1304 3182 praeceptis
1323 3131 1389 3166 oon·

207 3181 285 3234 iiber.
824 3180 927 3233 tionem
948 3179 1059 3233 dimisit.
1091 3179 1101 3246 tl
1131 3182 1230 3232 amira
1255 3221 1261 3233 .
1283 3221 1289 3234 .
1311 3221 1318 3236 .
1341 3199 1388 3234 ao·

245 3255 283 3304 16.
303 3251 616 3306 inlros...siadioram
631 3251 766 3318 secessas]
823 3248 887 3318 lem]
915 3247 977 3299 eine
1003 3246 1047 3298 bei
1072 3246 1125 3298 den
1156 3247 1298 3300 Rhetoren
1324 3248 1391 3313 sehr

208 3317 260 3368 auf
275 3316 349 3369 diese
367 3317 564 3386 entlegeneren
587 3317 701 3371 Gebiete
719 3319 768 3371 der
821 3313 1167 3382 gew'o'hnlieheMetapher
1184 3331 1236 3366 aur
1254 3315 1389 3368 Bereich-

207 3382 325 3436 Studien
344 3387 391 3445 (zu
409 3387 501 3438 seiner
513 3384 682 3452 Erholung).
697 3385 708 3452 11
721 3405 767 3437 ar·
823 3399 899 3450 nung
924 3383 973 3434 der
1000 3381 1218 3448 Sohuldbungen
1248 3383 1304 3434 und
1335 3382 1388 3435 der

206 3451 324 3518 riculae]
344 3450 392 3504 das
407 3453 515 3504 Gelenk
527 3453 595 3506 oder
610 3452 691 3506 Glied
705 3453 767 3519 (des
821 3455 1100 3518 entgegengesetzten
1110 3447 1389 3502 reduerischenTlri-

208 3517 346 3584 Fingere),
369 3519 417 3571 der
438 3520 549 3586 Finger.
581 3521 591 3637 p
621 3519 764 3588 durescat]
821 3518 921 3584 tigkeit
938 3517 990 3569 auf
1004 3517 1181 3570 demIioruru.

204 3585 254 3636 das
280 3586 445 3652 Gegentheil
467 3587 504 3639 ist
527 3587 615 3639 molis
634 3587 766 3640 articulus
1162 3625 1168 3640 .

202 3653 244 3717 Π,
275 3657 317 3717 12,
346 3657 376 3717 2,
406 3671 462 3706 was
490 3655 528 3706 im
563 3653 765 3721 ribertragenen
856 3657 896 3705 18.
920 3654 994 3718 qaod
1017 3689 1023 3702 .
1044 3688 1076 3704 ..
1098 3652 1233 3714 traditur,
1258 3657 1316 3703 ut.
1337 3690 1343 3702 .
1363 3651 1388 3718 .}

205 3721 294 3774 Sinne
316 3718 371 3781 XI,
396 3726 424 3783 1,
449 3726 482 3775 70
504 3720 659 3787 gebrauoht
682 3721 765 3774 wird:
821 3721 890 3773 iiber
912 3718 957 3771 die
980 3717 1178 3770 Construction
1202 3735 1223 3770 s.
1243 3734 1278 3770 aa
1297 3723 1321 3785 1,
1341 3723 1386 3774 58.

204 3803 288 3858 quarn
313 3785 389 3838 molli
412 3789 528 3842 articulo
553 3787 672 3854 (Cicero)
692 3796 766 3840 trae·
823 3788 834 3856 tl
855 3789 954 3840 Porcio
977 3787 1098 3838 Latroni
1135 3784 1311 3853 Zeitgenosse
1338 3785 1387 3838 des

204 3853 280 3910 ravit
299 3854 448 3909 Catonem!
823 3857 973 3922 Augustus.
1006 3853 1016 3920 ΙΙ
1040 3871 1091 3919 pro
1105 3853 1198 3971 'srascrq¹
1211 3861 1270 3906 erst
1285 3852 1316 3905 in
1334 3852 1388 3905 der

242 3927 283 3976 1⁷.
311 3925 395 3988 quasi
416 3923 577 3992 militantis]
606 3923 640 3974 of.
666 3928 695 3988 1,
723 3927 765 3975 29.
823 3920 977 3975 Kaiserzeit
1006 3919 1209 3988 gebriiuchlic,
1238 3939 1281 3972 wo
1312 3921 1384 3973 auch

205 3997 247 4047 31,
259 3993 301 4042 79.
315 3984 326 4054 ΙΙ
338 3991 453 4061 sepina]
465 4015 499 4036 =
510 3991 685 4044 iucundiores
698 4007 768 4059 epu·
823 3990 949 4061 profiteri
968 3988 1076 4041 absolut
1092 3987 1122 4039 in
1146 3986 1205 4039 dem
1224 3988 1311 4040 Siune
1328 4006 1384 4040 von

199 4059 249 4110 lae
267 4061 291 4121 S.
313 4061 352 4109 15.
366 4057 377 4126 ΙΙ
388 4062 465 4126 feisa
478 4079 571 4113 reram
588 4059 721 4126 imapine]
735 4082 769 4102 ---ἱ
824 4056 951 4128 profiteri
970 4065 1054 4108 artem
1075 4058 1110 4118 (a.
1130 4055 1162 4106 B.
1180 4054 1386 4123 philosophiam

204 4126 435 4189 declamationem
459 4145 480 4184 s.
499 4143 533 4179 aa
552 4131 575 4192 §.
595 4131 643 4192 143
670 4127 768 4178 ebenso
824 4126 883 4178 Cic.
930 4124 959 4175 in
1005 4124 1060 4175 Pis.
1108 4127 1153 4185 29,
1199 4126 1246 4188 11,
1298 4122 1384 4175 medi-

205 4195 283 4250 atellt
303 4190 400 4252 Quint.
420 4195 482 4255 XII,
503 4201 544 4260 11,
565 4201 596 4248 15
614 4211 768 4247 zusammen
824 4193 914 4245 cinam
939 4193 1015 4244 Suet.
1045 4190 1121 4246 Caes.
1151 4190 1196 4252 42)
1227 4189 1384 4256 gebrauoht

206 4260 390 4318 declamitare
419 4261 448 4313 in
478 4261 573 4314 schola
602 4271 631 4314 et
660 4269 766 4314 tantum
822 4259 927 4312 warde.
973 4256 1047 4310 Plin.
1071 4273 1113 4324 ep.
1136 4262 1161 4324 2,
1187 4260 1227 4310 18.
1250 4262 1276 4320 4,
1302 4261 1341 4309 11.
1368 4256 1382 4326 Η

204 4331 309 4386 laboris
335 4329 364 4380 in
389 4331 471 4381 retas
493 4331 577 4394 falsis
601 4345 768 4392 consumere,
823 4325 991 4396 opinionem]
1010 4323 1246 4388 existimationem,
1267 4324 1384 4376 famam:

202 4417 262 4456 was
281 4418 310 4453 er
329 4396 520 4450 abendaselbst
542 4399 691 4462 inopinam
709 4396 768 4448 ueri
822 4395 858 4452 of.
878 4400 903 4462 1,
923 4398 962 4446 17.
979 4393 990 4460 ΙΙ
1003 4394 1046 4444 ali
1064 4433 1070 4446 .
1090 4427 1096 4444 .
1118 4391 1387 4459 ,transferrentur-1
