3028 4882
202 265 246 335 72
619 266 739 325 CAPUT
758 267 818 338 VII,
837 273 932 326 8-10.

287 430 334 497 Et
352 430 433 495 haec
456 430 587 514 quidem
602 450 641 494 ex
656 434 737 515 arte,
755 429 813 494 illa
830 451 907 495 vero
922 451 960 495 ex
974 430 1095 496 studio:
1116 432 1155 494 ut
1168 427 1295 514 copiam
1309 447 1380 494 ser·

199 521 307 586 monis
340 519 467 604 optimi,
503 517 773 602 quemadmodum
803 523 1010 603 praeceptum
1042 521 1104 603 est,
1141 537 1380 602 comparemus,

200 609 304 673 multo
319 629 356 672 ac
379 607 467 672 fideli
490 607 565 672 stilo
589 607 635 671 sio
658 606 817 672 formetur
830 607 948 691 oratio,
970 611 1007 672 ut
1025 607 1219 692 scriptorum
1233 606 1377 670 colorem

200 696 300 761 etiam
327 717 408 779 quae
441 696 549 760 subito
583 695 683 759 effusa
711 695 777 759 sint
803 696 952 781 reddant,
984 699 1034 780 ut,
1065 717 1138 760 cnm
1166 695 1268 758 multa
1298 695 1376 759 scri-

160 780 372 869 ¹apscrimus,
395 784 493 848 etiam
515 784 619 848 multa
640 783 792 848 dieamus.
827 805 904 848 nam
918 784 1116 850 consuetudo
1140 786 1173 847 et
1190 783 1378 847 exercitatio

200 872 391 938 facilitatem
418 873 556 938 maxime
583 872 682 956 parit:
716 893 797 955 quae
829 873 857 936 si
889 874 1022 958 paulum
1053 872 1238 936 intermissa
1268 870 1377 954 tuterit,

199 983 268 1026 non
290 961 445 1026 velocitas
467 961 525 1025 illa
542 959 639 1025 modo
662 961 824 1044 tardatur,
848 959 904 1025 sed
925 961 1033 1046 ipsum
1047 981 1081 1025 os
1099 961 1165 1026 coit
1187 963 1284 1043 atque
1297 980 1375 1024 oon-

198 1050 307 1115 currit.
349 1071 543 1133 quamquam
570 1050 657 1113 onim
687 1070 768 1132 opus
792 1052 841 1114 cat
865 1051 1007 1114 naturali
1030 1049 1169 1133 quadam
1192 1047 1377 1114 mobilitate

198 1138 313 1223 animi,
331 1140 393 1222 'ut,
421 1136 498 1202 dum
524 1137 672 1222 proxima
700 1137 847 1221 dicimus,
880 1139 1003 1202 struere
1031 1137 1185 1202 ulteriora
1211 1137 1376 1220 possimus

198 1247 387 1310 semperque
406 1229 553 1290 nostram
567 1247 679 1290 vocem
702 1226 832 1310 provisa
847 1230 880 1290 et
896 1225 1038 1291 formata
1052 1225 1207 1311 cogitatio
1221 1225 1379 1308 excipiat:

169 1315 252 1390 evin
274 1317 384 1379 tamen
411 1317 469 1378 eut
490 1317 608 1378 natura
631 1317 687 1378 aut
708 1314 792 1379 ratio
820 1315 855 1378 in
881 1317 948 1379 tam
972 1314 1141 1398 multiplex
1163 1313 1305 1378 officium
1329 1313 1375 1376 di-

199 1403 314 1468 ducere
344 1403 487 1470 animum
515 1404 625 1487 queat,
656 1406 693 1466 ut
721 1403 912 1487 inventioni,
945 1402 1159 1486 dispositioni,
1191 1402 1378 1486 elocutioni,

201 1491 307 1556 ordini
328 1510 437 1555 rerum
458 1491 707 1575 verborumque,
729 1495 800 1556 tum
823 1492 875 1574 iis,
903 1512 985 1575 quse
1008 1491 1098 1576 dicit,
1121 1512 1203 1575 quae
1226 1490 1378 1556 subiunc-

199 1583 293 1644 turus
317 1583 379 1658 est,
407 1601 489 1664 qnae
511 1580 597 1644 ultra
620 1579 796 1663 spectanda
818 1582 907 1664 sunt,
936 1580 1081 1644 adhibita
1103 1579 1206 1662 uocis,
1232 1598 1378 1662 pronun-

153 1667 361 1752 10tiationis,
384 1671 495 1753 gestus
514 1668 741 1733 observatione
760 1669 855 1735 simul
879 1669 1028 1734 sufficiat.
1062 1669 1161 1754 longe
1176 1667 1262 1732 enirn
1284 1687 1380 1751 prae-

199 1756 294 1822 cedat
316 1759 445 1840 oportet
467 1757 606 1821 intentio
621 1777 657 1822 ac
679 1778 757 1842 prae
772 1779 805 1822 sc
818 1779 870 1822 ree
885 1761 976 1842 agat,
999 1759 1218 1843 quantumque
1242 1754 1379 1820 dicendo

199 1846 413 1929 consumitur,
437 1849 565 1909 tentum
588 1865 627 1908 ex
645 1846 760 1910 ultimo
783 1850 990 1932 prorogetur,
1013 1849 1062 1929 ut,
1086 1844 1187 1910 done‘c
1210 1844 1380 1929 pervenis·

198 1955 271 1998 mus
295 1933 336 1998 cd
358 1933 470 2017 finem,
492 1955 560 1998 non
583 1933 690 1998 minus
713 1937 886 2018 prospectu
909 1933 1120 2018 procedamus
1144 1953 1242 2018 quem
1265 1932 1379 2018 modu,

198 2021 227 2086 si
255 2043 323 2086 non
349 2023 587 2087 intersistentes
616 2022 873 2106 offensantesque
903 2022 1014 2088 breuia
1040 2023 1097 2085 illa
1125 2024 1220 2105 atque
1248 2020 1382 2085 concisa

198 2109 448 2195 singultantium
470 2111 566 2176 modo
589 2110 720 2175 eiecturi
744 2132 864 2174 sumus.

199 2351 330 2404 nechdem
367 2351 529 2418 euegelirhrt
562 2351 607 2404 iet.
648 2351 681 2417 V,
718 2356 762 2417 10,
815 2351 914 2418 comm]
962 2351 1011 2404 dee
1058 2351 1125 2403 eben
1172 2351 1376 2420 Geeprooheae.

200 2423 263 2471 109:
305 2435 354 2470 uec
393 2419 484 2472 minue
522 2417 550 2469 in
592 2418 644 2470 hoc
679 2437 762 2472 curae
817 2419 829 2486 ll
845 2419 994 2486 recitatio]
1014 2417 1306 2485 hier=cogitetum,
1319 2419 1375 2470 Ge·

199 2485 281 2538 debet
299 2485 433 2552 adhiberi,
458 2486 524 2566 quid
542 2487 761 2555 proponendum,
814 2487 913 2540 danke.

198 2553 761 2689 diffrioiiildriiiolllliieiuiiegiriililsilie
848 2625 873 2675 9.
898 2622 1054 2673 inventioni
1078 2658 1085 2673 .
1109 2660 1115 2673 .
1138 2658 1145 2672 .
1170 2618 1374 2700 observatione]

197 2687 223 2740 E
272 2688 352 2754 llung
386 2688 433 2741 der
467 2689 535 2740 eben
570 2688 759 2756 autgeetellten
814 2689 858 2740 die
887 2688 1074 2742 eimmtlichen
1102 2688 1145 2740 bai
1174 2687 1224 2740 deu
1250 2687 1373 2740 reduen-

198 2755 400 2822 Forderungen
439 2754 477 2807 iet
514 2755 631 2808 bedint
672 2757 759 2808 durch
814 2755 902 2810 echert
917 2755 1088 2808 Production
1108 2754 1291 2808 undbeidem
1307 2753 1376 2807 Vor-

198 2822 352 2876 Kenntniee
370 2823 418 2875 der
436 2822 563 2876 Theorie.
599 2773 651 2876 iiie
675 2823 760 2877 necle·
815 2833 895 2890 trage
929 2822 1144 2875 erforderlichen
1175 2822 1375 2890 operationem.

198 2890 347 2957 folgenden
371 2889 441 2958 (illa)
464 2890 607 2943 erfordern
628 2891 759 2957 studium,
813 2890 823 2959 Η
840 2908 912 2958 quoe
934 2891 1020 3009 dicitp
1043 2889 1213 2958 wenngleiolr
1237 2906 1271 2942 zu
1295 2889 1375 2943 sulti-

197 2958 223 3009 o.
264 2957 283 3009 i.
325 2957 589 3010 wissenschaftliohe
632 2958 759 3026 Uebnng.
815 2958 871 3010 ciet
894 2957 944 3010 des
962 2959 1001 3010 Su
1018 2959 1078 3026 jeot
1095 2958 1132 3010 iet
1150 2958 1266 3022 eeimua
1289 2975 1321 3011 eo
1339 2958 1380 3010 iet

197 3023 292 3077 Dieeee
310 3025 429 3077 etodium
448 3025 555 3077 beetelrt
573 3025 637 3078 aber
660 3026 689 3077 iu
706 3027 759 3077 den
814 3025 874 3078 hier
901 3025 971 3078 doch
1000 3025 1048 3078 (ier
1075 3025 1204 3078 Redende
1229 3025 1313 3077 solbet
1335 3025 1377 3078 ele

197 3091 423 3156 verschiedenen,
441 3091 470 3142 in
484 3092 583 3142 diesem
598 3090 691 3144 Buehe
703 3110 758 3145 em·
814 3093 930 3160 Subjeet
951 3109 986 3146 zo
1005 3093 1120 3146 denken.
1143 3091 1205 3158 Vgl.
1223 3097 1247 3156 ς.
1265 3097 1290 3145 4.
1304 3093 1375 3162 fleo·

198 3159 347 3227 pfohlenen
372 3158 636 3226 Beeehriftigungen.
660 3159 759 3228 legere,
816 3163 855 3214 cie
867 3169 876 3216 .“
892 3206 897 3216 ,
916 3160 1042 3228 .0eetua]
1062 3160 1118 3227 vgl.
1137 3165 1162 3225 1,
1182 3165 1221 3213 17.

197 3227 333 3286 scribere,
359 3224 461 3290 dicere,
484 3227 598 3279 worout
612 3226 672 3279 hier
691 3227 760 3280 noch

196 3295 298 3346 eiomal
322 3294 505 3375 hingewiesen
534 3294 613 3346 wird.
642 3294 652 3361 l
680 3297 761 3363 fideli
851 3300 890 3348 10.
913 3313 982 3363 prce
1000 3313 1028 3348 se
1046 3313 1089 3347 ree
1108 3293 1185 3360 aqut]
1210 3294 1269 3346 dem
1287 3295 1377 3347 Sinne

197 3362 274 3429 etilo]
313 3362 525 3429 gewissenhafte
560 3361 717 3429 Stilfibung.
752 3363 761 3432 ll
816 3364 886 3416 noch
904 3380 926 3416 e.
948 3382 973 3415 v.
992 3380 1015 3414 a
1035 3361 1243 3414 ‹lieGedenken
1262 3361 1373 3415 imvor·

169 3432 366 3500 ,scriptorum
390 3428 518 3497 colorem]
538 3447 558 3481 s.
571 3433 597 3491 6,
616 3436 640 3484 b.
665 3430 676 3497 l
700 3449 761 3482 cum
816 3448 863 3484 aue
881 3430 1071 3498 gegenwirtig
1088 3429 1185 3482 habeo.
1206 3429 1217 3496 l
1239 3431 1374 3482 consumi·

120 3503 167 3560 „s”
224 3499 285 3548 ulta
305 3496 509 3564 scripserimus]
529 3495 572 3547 die
589 3497 707 3564 Ucbnng
724 3497 760 3550 im
815 3507 864 3550 tur
884 3537 889 3550 .
910 3538 915 3549 .
936 3495 1376 3565 .proroaetur]die1iuedrdclre

195 3515 290 3616 liedes
316 3566 468 3628 (worunter
491 3563 551 3615 hier
572 3565 621 3616 dae
647 3563 761 3616 Extem·
815 3564 876 3618 siud
893 3583 953 3618 vom
974 3564 1136 3617 Geldwesen
1156 3563 1288 3617 entlehnt.
1312 3565 1374 3632 flea

196 3629 760 3752 'stltetulttl‘ttlltltlt·
814 3631 1374 3763 llttltl‘*tttlsttt'sl‘

193 3765 288 3834 Vel
305 3765 400 3819 *tm
421 3770 444 3830 ¹2
463 3771 478 3818 ³
496 3766 528 3820 ff·
696 3715 758 3766 ς’
812 3715 1375 3902 locarcedoneeo

233 3903 257 3953 8.
280 3901 452 3952 consuetudo
470 3909 496 3951 ct
514 3900 687 3968 exercitatio]
711 3901 757 3952 be·
812 3918 914 3965 sumus,
943 3900 1078 3954 intuenda
1109 3873 1183 3955 ient.
1226 3901 1281 3966 ita,
1311 3917 1373 3952 cum
1472 3939 1476 3948 .

198 3968 274 4021 nieht
295 3967 353 4020 sich
378 3984 430 4018 nor
454 3968 504 4020 eos
519 3967 563 4018 die
586 3967 669 4019 letste
687 3969 756 4020 For·
811 3985 918 4037 semper
928 3968 1059 4036 cogitatio
1071 3968 1144 4021 oltra
1151 3975 1204 4033 eat,
1214 3968 1242 4020 id
1253 3970 1374 4038 qocdeet

197 4035 316 4103 derung:
337 4035 473 4088 utnulla
495 4034 625 4088 dicemus.
650 4034 660 4102 Ι]
683 4038 756 4087 velo·
812 4035 921 4103 longius
957 4037 1075 4105 quaerit,
1114 4035 1244 4154 ‹puidquid
1281 4044 1372 4088 autem

197 4104 269 4156 citos
291 4099 354 4173 illo]
375 4105 455 4170 jone,
476 4102 519 4154 die
543 4101 594 4156 wir
612 4103 696 4156 echon
714 4119 758 4154 er·
812 4103 936 4174 repperit
958 4105 1119 4172 quodammo
1141 4122 1156 4156 o
1180 4103 1254 4172 apud
1272 4121 1373 4156 memo·

158 4175 165 4188 '
197 4169 279 4236 lengt
297 4170 396 4235 haben,
421 4170 499 4222 oder:
518 4169 561 4242 die
575 4171 758 4242 ,erforderlieh
812 4173 881 4226 riom
899 4171 1022 4240 deponit.
1035 4171 1045 4238 ss
1058 4173 1153 4224 trevia
1171 4172 1234 4240 illo]
1255 4190 1276 4226 s.
1292 4188 1327 4223 zu
1346 4175 1372 4236 ἓ,

197 4237 245 4291 iet.
263 4237 274 4304 ΙΙ
291 4240 443 4290 mobilitate
460 4236 560 4310 animi]
579 4240 614 4292 cf.
634 4244 658 4305 s.
679 4245 721 4296 22.
744 4240 756 4308 Η
813 4245 859 4293 17:
886 4238 954 4292 illud
985 4238 1128 4305 frigidum
1166 4239 1231 4306 jcne
1266 4239 1373 4292 kureen

197 4301 340 4372 proxima]
365 4306 414 4356 das
438 4304 521 4357 letate
543 4306 607 4358 oder
625 4307 681 4372 dne,
700 4325 757 4360 wne
813 4306 1033 4375 (abgeriseenen)
1062 4307 1155 4371 setae,
1183 4307 1284 4360 welche
1311 4305 1377 4358 eine

197 4371 251 4424 wir
277 4371 351 4439 jetzt
380 4371 447 4423 eben
474 4388 569 4438 engen.
599 4373 610 4439 ΙΙ
632 4382 758 4427 noctram
811 4375 899 4443 Folge
915 4374 963 4428 dee
981 4375 1117 4428 stockem
1134 4373 1204 4428 sind.
