3028 4882
561 261 681 316 aaron
700 263 721 329 ι,
750 268 863 316 92-94.
1265 261 1308 324 33

131 425 274 488 nervae?
304 424 411 488 dicent
437 423 518 488 haec
545 425 672 508 plenius
700 423 810 488 flatura
833 425 972 488 saecula:
1002 445 1087 487 nnnc
1116 423 1202 487 enim
1225 428 1307 488 cete-

133 535 242 576 rarum
269 513 394 597 fulgore
422 513 579 576 virtutum
605 513 676 578 laus
704 512 768 576 ista
800 512 1060 597 praestringitur.
1110 533 1170 576 nos
1197 515 1307 576 tamen

134 623 226 666 sacra
248 601 428 665 litterarum
453 601 588 665 colentis
602 601 695 683 feres,
719 599 846 684 Caesar,
870 601 898 664 si
911 623 979 666 non
992 601 1127 664 tacitum
1140 600 1202 664 hoc
1215 623 1306 683 prae·
1320 619 1354 668 92

131 691 267 753 terimus
291 692 324 752 et
346 687 535 774 Vergiliano
560 693 645 754 certe
668 711 764 754 versu
790 693 960 754 testamur:
1054 763 1056 770 Α

292 778 396 841 inter
418 774 601 864 victricels
625 778 803 842 hederam
826 779 900 842 tibi
924 798 1076 860 serpere
1100 776 1241 841 laurus.

222 865 337 950 Elegia
369 885 501 951 quoque*
528 865 667 931 Graecos
699 888 919 950 provocamus,
957 867 1047 930 cuius
1084 865 1165 929 mihi
1200 868 1325 938 tersus

132 956 230 1038 atque
264 954 394 1038 elegans
426 955 563 1019 maxime
596 954 722 1019 videtur
754 958 866 1020 auctor
898 954 1089 1019 Tibullus.
1145 955 1221 1018 sunt
1253 955 1307 1037 qui

132 1042 378 1125 Propertium
401 1042 526 1107 malint.
572 1042 733 1110 Ovidius
757 1046 894 1127 utroque
916 1043 1077 1125 lascivior,
1101 1041 1184 1106 sicut
1198 1042 1354 1106 duriores

133 1129 277 1195 Gallus.
324 1135 434 1195 satura
457 1132 585 1216 quidem
608 1135 678 1196 tota
701 1135 814 1197 nostra
837 1135 895 1214 est,
917 1132 954 1195 in
977 1153 1039 1216 qua
1059 1130 1184 1215 primus
1207 1131 1306 1214 insig-

132 1241 209 1283 nem
231 1220 360 1284 laudem
383 1220 518 1305 adeptus
541 1219 715 1285 Lucilius
740 1219 896 1304 quosdam
919 1221 966 1284 ita
980 1220 1104 1284 deditos
1127 1218 1189 1282 sibi
1204 1217 1307 1284 adhuc

133 1308 232 1372 habet
255 1311 423 1392 amatores,
446 1312 483 1372 ut
506 1330 579 1372 eum
602 1331 669 1373 non
692 1309 834 1374 eiusdem
858 1309 954 1374 modo
982 1309 1089 1391 operis
1113 1307 1307 1390 auctoribus,

132 1396 190 1460 sed
214 1397 364 1460 omnibus
387 1397 492 1480 poetis
515 1398 676 1480 praeferre
707 1419 775 1462 non
797 1397 954 1462 dubitent.
1000 1417 1060 1481 ego
1085 1400 1242 1480 quantum
1266 1397 1307 1459 ab
1320 1409 1356 1456 st

133 1483 207 1567 illis,
230 1487 359 1554 tautum
381 1485 422 1548 ab
446 1483 584 1550 Horatio
608 1486 774 1569 dissentio,
797 1487 851 1569 qui
873 1485 1034 1550 Lucilium
1060 1485 1185 1549 fluere
1209 1485 1307 1548 lutu-

133 1572 280 1637 lentum
303 1576 336 1636 ct
358 1573 617 1657 easealiquid‚
640 1573 740 1657 quod
763 1575 904 1639 tollere
919 1574 1063 1657 possis,
1086 1576 1189 1657 putat.
1231 1595 1308 1636 nam

132 1660 271 1725 eruditio
295 1662 331 1725 in
354 1683 391 1726 co
415 1663 499 1726 mira
522 1665 555 1726 et
577 1662 710 1726 libertas
735 1666 832 1746 atque
856 1663 930 1726 inde
946 1662 1105 1727 acerbitas
1129 1665 1161 1725 et
1180 1660 1307 1725 abunde

68 1815 72 1824 ,
133 1749 219 1814 salis
266 1749 403 1814 multum
432 1772 469 1814 eo
498 1753 549 1814 est
576 1751 692 1815 tersior
720 1771 757 1814 ac
784 1773 883 1834 purus
916 1751 1019 1834 magis
1047 1749 1238 1814 Horatius
1266 1753 1307 1828 et,

132 1838 197 1900 nisi
224 1837 316 1902 labor
343 1839 411 1902 eius
440 1859 563 1921 amore,
590 1839 790 1922 praecipuus.
835 1839 973 1903 multum
1001 1841 1033 1902 et
1062 1859 1157 1902 verae
1185 1837 1308 1921 gloriae

132 1927 280 2009 quamvis
313 1948 377 1990 uno
410 1927 492 1991 libro
521 1926 677 1990 Persius
705 1927 829 1991 meruit.
881 1931 957 1991 sunt
984 1927 1062 1990 clari
1089 1926 1247 2009 hodieque
1276 1930 1309 1988 et

132 2134 212 2186 einen
223 2136 299 2188 Sohn
313 2135 362 2187 der
371 2135 497 2189 Minerva
507 2136 609 2203 gellen,
623 2137 692 2189 nach

133 2202 264 2255 Philostr.
295 2203 344 2254 vit.
363 2203 453 2272 Apoll.
474 2203 535 2267 Vll,
555 2209 595 2255 12.

168 2309 211 2358 92.
229 2305 464 2373 praestriupitur]
477 2323 498 2357 s.
512 2309 590 2370 §.¹30.
604 2307 614 2373 ΙΙ
631 2309 693 2358 Ver-

132 2373 253 2438 piliauo]
276 2371 326 2424 ecl.
349 2377 373 2437 8,
393 2379 433 2424 ta.

167 2479 208 2529 93.
231 2473 373 2542 Tibullus]
388 2474 497 2539 Albius,
511 2477 578 2527 rbrn.
592 2475 693 2542 nister,

135 2542 316 2608 Zeitgeuosse
333 2542 380 2595 des
399 2542 493 2609 Vergil
513 2543 567 2594 und
588 2543 692 2608 Horat,

135 2627 157 2661 c.
177 2613 278 2662 64-18
291 2628 315 2661 v.
323 2610 354 2661 C.
384 2610 394 2678 ΙΙ
419 2610 607 2692 Propertium]
627 2613 693 2663 Sex-

132 2684 188 2742 tus,
204 2675 432 2730 wahrscheinlich
452 2695 500 2730 aus
513 2677 644 2730 Assierum
664 2677 693 2728 in

133 2744 273 2806 Umbrica,
304 2762 326 2796 c.
356 2750 389 2798 49
419 2745 460 2798 bis
493 2763 516 2799 c.
548 2750 579 2797 16
607 2763 633 2798 u.
662 2747 691 2796 O.

136 2811 147 2878 ll
169 2812 310 2879 lascivior]
331 2811 406 2864 kann
425 2813 454 2864 in
473 2812 562 2864 dieser
579 2812 694 2864 Verbin-

133 2881 210 2945 dung
230 2896 282 2930 nur
301 2881 352 2930 auf
360 2880 404 2932 die
416 2881 576 2933 Schreibart
591 2881 691 2947 gehen;

133 2946 188 3012 vgl.
215 2951 238 3009 ἕ.
263 2951 304 3002 88,
339 2948 349 3013 ΙΙ
383 2947 498 3016 durior]
522 2948 571 3000 das
593 2948 694 3000 andere

133 3015 245 3067 Extrern
265 3030 316 3066 von
335 3013 510 3067 effeminatus
530 3023 559 3067 et
575 3015 692 3068 enervis.

134 3084 171 3134 of.
193 3081 247 3145 IX,
275 3086 304 3141 4,
330 3086 390 3134 tta:
419 3082 448 3133 iu
478 3082 646 3146 universum,
669 3083 693 3135 si

133 3151 171 3202 sit
201 3165 323 3215 necesse,
355 3149 451 3201 duram
481 3151 574 3218 potius
610 3158 693 3218 atque

134 3233 257 3286 asperam
277 3217 500 3284 compositionem
521 3219 610 3270 malim
624 3235 693 3281 esse,

133 3301 214 3352 quarn
233 3283 417 3336 effeminatum
436 3293 464 3335 et
481 3301 616 3336 enervem.
653 3285 693 3335 Ιιιι

136 3356 310 3418 Gegensatae
331 3351 405 3403 steht
426 3351 521 3403 durior
543 3369 577 3403 au
604 3358 693 3403 tersus

134 3417 216 3487 atque
238 3417 357 3484 elegans.
376 3417 386 3484 ΙΙ
403 3419 516 3486 Gallus]
541 3419 571 3470 Ο,
592 3419 692 3470 Corne-

134 3487 197 3549 lius,
225 3503 274 3537 aus
305 3487 405 3538 Forum
434 3485 513 3547 Iulii,
543 3486 618 3537 einer
644 3485 692 3537 der

132 3555 249 3606 illesten
282 3553 409 3606 Freunde
444 3553 490 3606 des
525 3553 621 3620 Vergil
658 3558 690 3616 (s.

133 3621 220 3688 eclog.
251 3622 316 3686 to),
346 3621 418 3673 auch
447 3638 500 3673 von
532 3621 604 3674 Ovid
635 3623 692 3672 und

748 2155 791 2206 ep,
815 2143 843 2202 2,
861 2143 880 2189 *l
910 2153 944 2188 au
969 2137 1038 2188 thus
1057 2134 1114 2192 bat.
1151 2137 1183 2187 ln
1203 2134 1311 2188 Betreff

748 2205 794 2258 des
811 2204 936 2257 Lucilius
954 2204 1009 2272 vgl.
1027 2210 1078 2261 sat,
1099 2210 1124 2268 1,
1142 2208 1183 2256 10.

781 2344 823 2392 ot.
848 2341 882 2391 ab
905 2339 1025 2390 Horatio
1044 2337 1188 2402 dissentio]
1212 2343 1264 2389 sat.
1284 2341 1307 2400 1,

747 2411 774 2472 4,
800 2412 843 2459 11;
869 2422 931 2472 curn
950 2407 1050 2459 flueret
1068 2405 1229 2469 lutulentus,
1247 2413 1308 2456 erat

769 2474 821 2525 uod
844 2475 942 2525 tollere
963 2474 1059 2526 velles:
1084 2473 1119 2524 cf.
1142 2478 1171 2537 l,
1196 2477 1243 2534 to,
1265 2477 1307 2525 58.

749 2492 849 2604 liniat.
868 2540 946 2592 tiihrt
962 2540 1022 2598 hier
1040 2540 1084 2591 die
1105 2547 1205 2592 ersterc
1223 2538 1309 2592 Stelle

748 2608 798 2660 ruit
815 2607 865 2659 der
882 2607 1082 2674 Verinderung
1103 2625 1155 2658 ron
1180 2607 1262 2658 uelles
1279 2607 1309 2657 in

768 2677 838 2727 ossis
867 2692 901 2726 an
931 2674 987 2726 und
1017 2675 1079 2742 stige
1107 2673 1177 2726 auch
1200 2675 1309 2741 aliquid

747 2695 841 2794 llinzu.
879 2742 1014 2794 Offenbar
1037 2742 1114 2793 citirt
1135 2759 1166 2793 er
1189 2756 1242 2792 nur
1260 2757 1309 2792 aus

748 2810 806 2862 dem
838 2809 1027 2872 Gedlicbtniss.
1079 2809 1120 2860 Er
1152 2806 1310 2860 betracbtet

749 2879 813 2930 aber
835 2876 920 2929 dieses
945 2876 1054 2928 Urtbeil
1080 2876 1127 2928 des
1150 2876 1244 2928 Horas
1269 2875 1309 2928 als

748 2946 826 2998 einen
841 2945 1035 2997 unverdienten
1046 2943 1133 2996 Tudel
1147 2944 1203 2995 und
1214 2942 1310 2995 nimmt

749 3013 827 3065 nieht
855 3012 1007 3064 Rdcksioht
1041 3012 1091 3064 auf
1117 3011 1161 3062 die
1196 3027 1230 3062 au
1261 3010 1309 3062 der

747 3081 851 3133 anderu
875 3080 960 3132 Stelle
976 3098 1031 3132 von
1048 3080 1142 3132 Horaz
1165 3079 1309 3131 versucbte

747 3147 980 3214 Rechtfertigung
997 3147 1145 3202 desselben.
1159 3146 1169 3213 ΙΙ
1187 3148 1308 3198 eruditio

747 3217 831 3282 mira]
855 3217 924 3267 auch
949 3215 1135 3274 anderwdrts‚
1160 3213 1213 3264 wie
1236 3213 1260 3277 Ι,
1283 3219 1307 3274 6,

747 3287 763 3334 8
774 3281 988 3334 heisstLucilius
998 3279 1206 3333 eruditissimus.
1220 3280 1230 3346 l
1243 3282 1309 3332 inde

749 3351 887 3402 acerbitas
905 3350 983 3414 etul,
993 3347 1076 3415 salis]
1089 3347 1167 3398 beide
1175 3347 1237 3399 sind
1248 3347 1309 3398 eine

750 3414 1194 3483 [t‘olgeseinerFreimtithigkeit.ll
1229 3421 1308 3475 urus]

749 3486 906 3551 Gegensata
930 3500 964 3535 zu
989 3483 1048 3535 dem
1066 3433 1306 3548 vorhergelenden

747 3551 910 3606 lutulentus.
940 3551 950 3617 ΙΙ
980 3549 1128 3618 Horatius]
1158 3555 1251 3603 65—ss
1280 3568 1307 3601 v.

747 3619 778 3670 0.
805 3619 823 3686 ΙΙ
859 3621 976 3671 multum
1011 3627 1037 3670 ct
1072 3635 1154 3670 verae
1187 3617 1306 3686 ylarius]

133 3691 255 3756 Propera
276 3688 338 3740 sehr
362 3689 431 3741 boch
454 3689 611 3756 geschdtzt,
630 3689 691 3741 tild-
746 3704 808 3739 man
838 3687 966 3739 bemerke
996 3685 1056 3737 hier
1090 3685 1231 3737 einerseits
1265 3685 1309 3736 die

135 3765 191 3808 tete
209 3755 267 3807 sich
285 3754 370 3807 selbst
387 3760 420 3808 26
436 3775 463 3808 v.
481 3760 512 3808 C.
538 3757 548 3824 ΙΙ
569 3766 628 3809 tota
645 3775 693 3808 uo·
745 3752 985 3808 Verschiedenbeit
1007 3753 1055 3805 der
1077 3753 1162 3804 durch
1192 3760 1217 3803 et
1247 3768 1308 3804 ver-

133 3833 195 3876 etra
214 3821 267 3890 eet]
287 3823 320 3873 cf.
341 3822 440 3876 Horat.
461 3832 513 3876 sat.
536 3835 563 3882 1,
585 3830 630 3886 10,
649 3828 691 3888 66,
745 3822 893 3874 bundeuen
912 3821 1031 3873 Nomina
1050 3818 1223 3872 binsichtlich
1234 3819 1309 3872 ihrer

133 3908 177 3943 wo
207 3889 251 3940 dle
280 3889 372 3942 Satira
405 3891 522 3942 Graecis
556 3891 691 3944 intactum

133 3975 243 4010 carmen
262 3964 386 4025 genennt
403 3957 481 4009 wird.
512 3957 522 4024 ΙΙ
552 3957 691 4026 Lucilius]

133 4027 199 4078 rdm.
223 4023 324 4090 Ritter,
348 4042 398 4077 aus
422 4027 522 4076 Suessa
546 4026 692 4077 Aurunco-

133 4092 312 4213 ll'lllddndedes
325 4096 563 4230 llilr’geihStScilplld
580 4112 636 4212 ulid
648 4093 694 4212 dlei

134 4228 255 4281 Laelius.
278 4227 288 4293 ΙΙ
310 4231 444 4296 quosdam
464 4271 469 4284 .
488 4269 494 4282 .
516 4272 522 4284 ,
542 4227 691 4294 amatores]

133 4295 178 4348 die
195 4295 347 4347 Liebhuber
366 4294 419 4346 und
436 4294 628 4362 Vertheidiger
646 4294 694 4346 der

747 3891 827 3942 Form
866 3888 920 3941 und
956 3889 1031 3939 ihrer
1066 3887 1227 3952 Beaiehuug
1262 3887 1312 3939 aul

747 3957 865 4025 gloriae.
909 3955 1088 4008 andererseits
1123 3954 1167 4005 die
1202 3953 1308 4035 Bedeu3

747 4023 962 4157 lllhgausiiegsundl
969 4057 1046 4142 elit-er
1055 4021 1182 4141 uribdhciiil
1185 4023 1310 4141 aildstiid1

922 4156 1190 4277 nauata
1209 4156 1308 4278 hal

748 4225 858 4354 Ιίιὶιιιῦιῖιιιῗ(1
867 4225 971 4345 dlallldln
981 4262 1084 4344 'stium'
1096 4300 1124 4344 et
1141 4293 1246 4359 magnis
1264 4310 1309 4345 re-

134 4362 223 4416 dltern
236 4364 358 4426 Dichter,
381 4363 431 4415 mit
443 4367 528 4415 denen
546 4379 574 4414 es
600 4363 693 4414 Horat
747 4362 797 4414 bns
821 4361 920 4428 gestis,
944 4359 1040 4413 amisit.
1077 4361 1087 4428 ΙΙ
1119 4360 1245 4428 Persius]
1272 4361 1306 4413 A.

161 4449 296 4498 QUINTIL.
310 4449 389 4492 msa.
405 4449 449 4489 OE.
464 4449 494 4491 X.

1096 4453 1112 4500 3
