3028 4882
217 229 260 292 26
660 225 818 296 ΟΑΡΠΉ,
839 235 952 284 rr-rs.

173 391 366 462 moratoriis
389 389 532 453 numeris
556 392 632 453 sunt
655 389 832 454 absolutae,
878 411 938 475 ego
960 393 1073 454 tumen
1085 391 1159 472 plus
1178 389 1281 454 adhuc
1296 391 1388 474 quid-

216 480 289 544 dam
317 478 520 542 conlaturum
548 499 621 540 cum
649 477 918 543 declamatoribus
946 481 1040 562 pute,
1071 479 1228 562 quoniam
1254 479 1305 544 his
1332 501 1387 544 ne-

214 589 302 632 cesse
326 570 376 632 est
398 566 573 630 secundum
596 565 815 631 condicionem
839 567 1128 632 controversiarum
1151 568 1259 650 plures
1280 568 1388 632 subire

214 677 383 739 personas,
408 657 539 738 patrum
565 653 718 738 filiorum,
745 656 885 720 militum
912 655 1120 737 rusticorum,
1151 655 1285 719 divitum
1307 677 1388 738 pau·

214 766 336 828 perum,
360 743 569 806 irascentium
592 742 843 827 deprecantium,
869 743 996 807 mitium
1020 765 1216 827 asperorum.
1260 744 1296 807 in
1318 744 1388 827 qui-

172 859 204 908 72
214 832 274 896 bus
303 831 452 896 omnibus
480 830 560 894 mire
584 831 765 896 custoditur
788 831 914 896 abhoc
942 835 1040 915 poeta
1063 831 1167 896 decor.
1212 835 1309 916 atque
1331 833 1387 896 ille

214 919 343 1004 quidem
371 918 521 984 omnibus
544 917 687 984 eiusdem
710 920 816 1003 operis
840 921 1026 984 auctoribus
1055 919 1190 983 abstulit
1212 941 1330 985 nomen
1353 925 1388 986 et

213 1008 340 1093 fulgore
363 1007 504 1092 quodam
522 1029 598 1071 suae
613 1009 769 1073 claritatis
782 1009 933 1072 tenebras
949 1007 1091 1073 obduxit.
1136 1009 1245 1072 tamen
1263 1009 1388 1074 habent

214 1097 268 1160 alii
299 1117 425 1180 quoque
458 1096 581 1179 comici,
619 1096 646 1159 si
678 1119 752 1161 cum
782 1097 877 1161 venia
912 1097 1074 1181 leguntur,
1111 1096 1267 1180 quaedam
1304 1119 1387 1182 quae

212 1184 319 1268 possis
347 1183 529 1267 decerpere,
557 1187 591 1248 et
617 1186 789 1268 praecipue
815 1184 1030 1269 Philemon,
1059 1185 1113 1269 qui
1141 1188 1179 1248 ut
1205 1186 1312 1269 pravis
1335 1187 1387 1250 sui

211 1273 367 1357 temporis
395 1272 521 1337 iudiciis
548 1270 727 1338 Menandro
756 1295 851 1357 saepe
878 1275 1042 1356 praelatus
1070 1277 1128 1356 est,
1156 1273 1202 1336 ita
1226 1293 1386 1338 consensu

210 1364 321 1425 tamen
345 1361 490 1425 omnium
513 1361 631 1424 meruit
655 1361 741 1424 credi
764 1361 932 1426 secundus.

170 1464 202 1513 73
301 1448 479 1513 Historiam
511 1450 605 1513 multi
637 1450 792 1533 scripsere
824 1451 997 1532 praeclare,
1034 1449 1091 1514 sed
1126 1471 1222 1514 nemo
1259 1449 1386 1514 dubitat

212 1537 309 1622 longe
333 1537 414 1602 duos
438 1538 551 1602 ceteris
574 1537 813 1620 praeferendos,
837 1559 973 1620 quorum
994 1538 1119 1602 diversa
1142 1539 1244 1602 virtus
1257 1538 1384 1604 laudem

210 1647 314 1709 paene
343 1629 393 1689 est
419 1647 531 1710 parem
558 1629 741 1690 consecuta.
785 1625 904 1690 densus
935 1629 968 1690 et
993 1626 1099 1690 brevis
1129 1630 1162 1689 et
1189 1647 1315 1710 semper
1336 1628 1383 1690 in·

212 1717 303 1778 stans
337 1713 398 1778 sibi
427 1713 683 1798 Thucydides,
711 1714 813 1779 dulcis
842 1717 876 1778 et
903 1715 1057 1780 candidus
1089 1717 1122 1778 et
1148 1714 1238 1778 fusus
1265 1713 1383 1780 Hero·

210 1903 284 1956 Titel
302 1904 407 1970 einiger
424 1903 529 1958 Stdclre
546 1905 591 1958 des
609 1905 770 1960 Menander.
826 1921 878 1972 gen
897 1922 950 1957 von
969 1906 1023 1958 ihm
1042 1906 1148 1958 lielerte
1165 1905 1288 1958 Plautus.
1308 1905 1318 1972 ll
1331 1923 1383 1958 me·

212 1971 225 2036 Ιι
247 1972 373 2024 omnibus
393 2012 399 2025 .
419 2009 452 2023 ..
475 1973 608 2039 numeria]
634 1997 667 2017 ==
685 1973 771 2038 parti·
826 1975 886 2024 ruit
908 1973 995 2041 credi]
1020 1997 1053 2018 =
1076 1972 1172 2026 merito
1198 1973 1318 2026 creditus
1341 1979 1383 2025 est

208 2038 273 2102 bue3
294 2039 329 2090 cl.
346 2041 371 2108 s.
390 2043 439 2100 914
458 2038 487 2090 in
505 2039 604 2092 diesem
619 2039 771 2092 Sinnenur
826 2039 892 2090 oder
916 2039 1045 2092 creditur.
1080 2039 1156 2093 Doch
1186 2040 1252 2106 geht
1281 2057 1382 2093 merere

208 2105 238 2156 in
268 2105 449 2172 Verbindung
477 2106 527 2158 mit
557 2107 651 2160 omnia.
692 2107 769 2159 Auch
826 2106 995 2158 ander-wirte
1022 2108 1086 2160 dber
1108 2107 1138 2160 in
1156 2105 1200 2159 die
1220 2107 1383 2174 Bedeutung

208 2171 279 2225 wird
295 2181 388 2241 partes
405 2172 478 2224 wohl
497 2172 684 2240 hinzugeliigt.
711 2174 768 2227 Cic.
824 2191 878 2225 von
898 2172 1028 2242 adipisci,
1054 2175 1197 2243 consequi;
1228 2175 1264 2228 cl.
1294 2179 1317 2238 ς.
1335 2181 1382 2234 94,

207 2240 242 2290 de
270 2247 326 2292 nat.
355 2241 382 2296 d.
409 2241 446 2302 ΙΙ,
476 2246 515 2305 13,
543 2247 589 2295 31ι
617 2240 769 2309 perfectum
826 2246 886 2292 116:
911 2258 965 2292 non
989 2241 1121 2295 immerito
1144 2242 1258 2308 meruit,
1284 2243 1381 2294 ebenao

207 2307 396 2376 expletumque
419 2307 542 2362 omnibus
570 2308 627 2361 suis
650 2307 768 2360 numeria
824 2307 875 2359 wie
894 2307 944 2371 VI,
958 2312 983 2372 4,
1003 2315 1032 2362 5:
1052 2309 1254 2362 necimmerito
1273 2309 1380 2378 quidam

207 2383 236 2425 et
254 2374 388 2442 partibus.
423 2375 493 2427 Daas
510 2376 570 2427 hier
588 2375 712 2428 nichtan
724 2374 769 2427 die
824 2415 830 2425 .
852 2415 858 2426 .
877 2415 883 2430 .
904 2385 1172 2429 merueruntnumen
1192 2384 1382 2444 patronorum.

207 2441 329 2508 eonstige
357 2441 518 2509 ltedeutung
545 2461 599 2495 von
630 2443 768 2496 oratorius
821 2443 926 2508 Wegen
949 2443 996 2496 des
1015 2461 1085 2496 nom.
1107 2461 1129 2500 c.
1150 2443 1199 2496 inl.
1225 2444 1278 2512 rgl.
1297 2448 1322 2508 §.
1341 2449 1382 2500 97.

209 2526 337 2562 numerus
350 2526 383 2561 au
398 2508 504 2561 denhen
517 2511 553 2562 ist
565 2510 768 2578 (rhythmiache
823 2509 904 2566 ovid.
923 2519 1000 2568 mett.
1013 2518 1055 2576 13,
1067 2516 1128 2566 314:
1143 2528 1200 2565 esse
1212 2529 1274 2563 reus
1285 2512 1381 2564 merui.

208 2577 397 2645 Compositiou
421 2577 470 2629 der
492 2577 599 2645 Rede),
624 2577 698 2630 lehre
719 2577 768 2630 der
856 2583 896 2630 73.
923 2583 1122 2646 praeferendos
1146 2579 1237 2647 (eraell
1266 2579 1310 2631 bei
1332 2579 1381 2630 Ci-

208 2644 456 2711 Zueammenhang.
821 2661 882 2696 cero
911 2646 988 2698 steht
1018 2647 1086 2699 nach
1118 2664 1171 2699 non
1202 2645 1298 2698 dubito
1328 2663 1382 2698 nur

245 2717 285 2764 71.
307 2715 373 2779 plus
396 2713 489 2764 adbuc
512 2712 655 2780 quiddam]
677 2711 767 2764 adbuc
821 2712 902 2780 quin;
928 2713 1026 2776 Quint.
1048 2714 1201 2781 gebraucht
1221 2713 1284 2766 bald
1302 2714 1378 2782 quin,

207 2777 276 2830 beim
291 2777 469 2848 Comparatir
486 2787 556 2832 statt
574 2779 655 2833 etiam
668 2781 766 2846 gehdrt
819 2779 882 2830 bald
904 2779 956 2831 den
984 2797 1040 2836 aco.
1063 2798 1085 2832 c.
1110 2781 1158 2833 inl.
1190 2781 1200 2848 ΙΙ
1230 2785 1334 2834 denaus
1355 2790 1382 2833 ct

206 2857 265 2898 ersa
291 2845 349 2898 dem
378 2845 512 2898 Zeitalter
537 2847 584 2900 der
606 2847 769 2910 Quintilian
819 2847 921 2914 trevie]
951 2847 986 2898 cf.
1010 2852 1036 2913 s.
1060 2852 1100 2905 76.
1140 2848 1200 2904 Den
1224 2850 1380 2915 Gegensatz

208 2929 252 2965 an.
291 2912 428 2975 Quiddam
457 2914 565 2994 mildert
590 2914 635 2965 die
658 2914 764 2966 Bedeu-
818 2911 904 2995 bildet
919 2917 1013 2994 suscep,
1033 2915 1212 2996 uuaffihrlich.
1229 2915 1244 2997 j!
1269 2919 1381 2995 turture

207 2980 764 3116 {islicliiraitll'd'illh.{facilli
819 2979 1382 3118 {distulit{didascali}

207 3110 368 3178 carum,die
380 3129 431 3165 zur
442 3113 562 3181 Uebung
572 3113 600 3166 in
616 3115 667 3166 den
678 3116 765 3168 Schu·
818 3116 939 3182 geboren
966 3121 1015 3169 471
1045 3115 1109 3168 oder
1136 3120 1200 3181 456,
1232 3118 1381 3182 gestorben

207 3180 250 3232 len
280 3179 443 3246 gehaltenen
472 3180 654 3234 streitreden.
701 3182 763 3250 vgl.
818 3192 891 3236 etwa
908 3187 959 3236 396
976 3202 1003 3236 v.
1029 3183 1062 3236 C.
1098 3184 1108 3250 l
1142 3183 1246 3244 dulcis]
1269 3183 1381 3237 beaieht

207 3265 256 3299 aur
285 3249 374 3300 Sache
403 3247 456 3311 111,
485 3253 510 3314 8,
539 3254 585 3306 nl:
617 3249 765 3319 praecipue
818 3249 1015 3303 eich'aowohl
1042 3251 1093 3303 aul
1120 3250 1172 3302 den
1194 3249 1297 3314 luhalt,
1328 3251 1380 3302 wie

206 3314 433 3369 declamatoribus
460 3316 686 3370 considerandum
712 3325 763 3383 eat,
819 3318 871 3369 aul
896 3317 939 3369 die
968 3317 1161 3386 Darstellung,
1194 3317 1253 3369 hier
1279 3317 1380 3386 jedoch

207 3382 273 3448 quid
308 3383 406 3464 cuique
440 3402 573 3452 perronae
604 3384 761 3453 conveniat,
819 3385 891 3437 wohl
910 3385 984 3437 mehr
1003 3387 1054 3438 aul
1068 3386 1111 3438 die
1128 3387 1251 3440 letatere.
1287 3386 1379 3438 Daher

205 3449 254 3564 pai
283 3451 460 3516 paucissimas
493 3453 695 3506 controversiae
724 3453 764 3505 itu
817 3451 914 3504 dicim
935 3453 1091 3520 Fulgenden
1110 3454 1169 3506 dem
1187 3453 1312 3505 Herodot
1329 3459 1379 3504 au2

226 3515 311 3579 icuut,
329 3523 362 3569 ut
374 3517 515 3580 advocati3
528 3518 690 3587 plerumque
703 3519 764 3584 filii,
818 3519 1011 3584 geechriebene
1029 3521 1164 3588 voluptas.
1202 3519 1380 3572 Griechische

207 3589 344 3649 parentes,
358 3582 465 3644 diriter,
476 3601 560 3642 aenea,
572 3587 670 3653 asperi,
680 3585 763 3651 lenes,
817 3584 943 3635 Kritilrer
955 3586 1081 3638 rrihmten
1092 3586 1187 3638 ander
1199 3585 1379 3653 Darstellung

206 3649 290 3708 avari,
315 3649 433 3719 denique
450 3650 644 3718 superstitiosi,
664 3651 762 3718 timidi,
818 3650 865 3702 dea
884 3649 1009 3705 Herodot
1026 3653 1228 3720 vorzugsweise
1249 3654 1294 3705 die
1311 3658 1377 3721 plo-

205 3716 339 3769 deriaorea
351 3717 438 3780 finnt3
459 3727 491 3770 ut
504 3718 550 3770 vix
563 3718 763 3770 comoediarum
817 3713 918 3784 κύτης,
939 3719 1041 3771 welche
1065 3720 1177 3772 beiden
1196 3720 1299 3773 Lesern
1317 3719 1379 3773 eine

190 3783 344 3837 »actoribus
361 3783 574 3853 plureshabitus
591 3785 620 3836 in
638 3801 763 3854 pronun·
825 3779 1085 3852 ‘dovdhemorrufe
1099 3788 1110 3854 ΙΙ
1123 3785 1379 3857 candidus]lauter,

205 3851 300 3904 tiando
319 3851 490 3920 concipiendi
506 3852 564 3904 sint
581 3869 661 3921 quam
681 3850 722 3904 hia
735 3851 762 3904 in
817 3805 1013 3920 durchsichtig.
1048 3855 1127 3907 Denn
1141 3872 1169 3908 es
1181 3855 1218 3908 ist
1230 3855 1289 3907 hier
1302 3855 1378 3907 nicht

205 3919 330 3971 dicendo.
345 3919 354 3987 ΙΙ
368 3919 460 3988 decor]
479 3938 499 3973 s.
520 3936 554 3970 au
573 3923 598 3984 §.
617 3924 659 3972 27.
816 3927 872 3972 'von
890 3919 950 3972 dem
969 3921 1121 3975 Character
1138 3923 1184 3974 des
1202 3923 1377 3976 Schriftetel-

239 3993 280 4038 72.
311 4006 372 4039 cum
407 3989 488 4039 venia
539 3987 706 4052 excusando,
740 3987 763 4040 si
818 3987 881 4052 lers,
899 3987 1016 4040 eundern
1034 4007 1088 4043 von
1110 3989 1199 4042 seiner
1216 3990 1379 4043 schreibart

205 4053 269 4119 quid
280 4054 368 4107 minus
376 4053 492 4123 probabi
503 4071 518 4105 e
528 4062 665 4112 occurrat.
680 4053 761 4110 Ovid.
817 4053 861 4107 die
872 4055 955 4108 Rede.
983 4057 1016 4108 In
1026 4057 1178 4110 demaelben
1192 4057 1278 4110 Sinne
1293 4057 1378 4110 heisat

205 4119 277 4172 trist.
299 4127 328 4188 4,
348 4126 379 4185 2,
399 4127 460 4175 104:
484 4138 543 4173 cum
568 4121 647 4174 venia
664 4121 751 4174 facito
816 4121 911 4175 Livius
938 4123 978 4186 ΙΙ,
1001 4130 1031 4190 ὁ,
1061 4129 1092 4178 19
1117 4124 1324 4178 carrdidisaimus
1348 4132 1377 4176 et

206 4187 328 4254 quisquis
345 4195 395 4253 est,
414 4189 467 4240 iata
488 4187 570 4254 legas.
583 4189 593 4257 ΙΙ
607 4191 748 4243 Philemon
816 4191 930 4243 mamma
942 4191 1090 4260 expositus,
1104 4192 1224 4246 weehalb
1233 4191 1291 4244 sich
1302 4190 1376 4244 scine

205 4270 254 4306 aua
276 4254 335 4306 Soli
358 4255 387 4306 in
412 4254 540 4317 Cilicien,
563 4259 640 4310 starb
662 4263 711 4311 262
733 4275 759 4310 v.
815 4257 933 4310 Lectdre
964 4260 1010 4311 fiir
1041 4259 1156 4312 Knabcn
1186 4256 1260 4312 mehr
1286 4257 1365 4325 eigne

205 4320 536 4388 O.faat100Jahrult‚
572 4325 760 4378 Nachbildun·
816 4326 856 4377 ala
879 4325 991 4379 dieder
1014 4325 1127 4382 Sallust.
1163 4323 1173 4394 l
1203 4300 1375 4395 Herodotus]
