<?xml version="1.0" encoding="UTF-8"?>
<!DOCTYPE html PUBLIC "-//W3C//DTD XHTML 1.0 Transitional//EN"
    "http://www.w3.org/TR/xhtml1/DTD/xhtml1-transitional.dtd">
<html xmlns="http://www.w3.org/1999/xhtml" xml:lang="en" lang="en">
 <head>
  <title>
</title>
<meta http-equiv="Content-Type" content="text/html;charset=utf-8" />
  <meta name='ocr-system' content='tesseract 3.04.00' />
  <meta name='ocr-capabilities' content='ocr_page ocr_carea ocr_par ocr_line ocrx_word'/>
</head>
<body>
  <div class='ocr_page' id='page_1' title='image "./mfabiiquintilia12quingoog_0066.png"; bbox 0 0 3028 4882; ppageno 0'>
   <div class='ocr_carea' id='block_1_1' title="bbox 547 2 1263 146">
    <p class='ocr_par' dir='ltr' id='par_1_1' title="bbox 547 2 1263 146">
     <span class='ocr_line' id='line_1_1' title="bbox 547 2 1263 146; baseline -0.001 -65"><span class='ocrx_word' id='word_1_1' title='bbox 547 27 666 81; x_wconf 76' lang='lat' dir='ltr'><strong>curun</strong></span> <span class='ocrx_word' id='word_1_2' title='bbox 686 27 707 94; x_wconf 85' lang='lat' dir='ltr'><strong>r,</strong></span> <span class='ocrx_word' id='word_1_3' title='bbox 731 32 880 82; x_wconf 76' lang='lat' dir='ltr'><strong>rue-130.</strong></span> <span class='ocrx_word' id='word_1_4' title='bbox 1173 2 1263 146; x_wconf 50' lang='lat' dir='ltr'><strong>Q,</strong></span> 
     </span>
    </p>
   </div>
   <div class='ocr_carea' id='block_1_2' title="bbox 137 87 1377 1073">
    <p class='ocr_par' dir='ltr' id='par_1_2' title="bbox 137 87 1377 1073">
     <span class='ocr_line' id='line_1_2' title="bbox 1303 87 1353 127; baseline 0 -6"><span class='ocrx_word' id='word_1_5' title='bbox 1303 93 1319 127; x_wconf 60' lang='lat' dir='ltr'>u</span> <span class='ocrx_word' id='word_1_6' title='bbox 1338 87 1353 126; x_wconf 70' lang='grc' dir='ltr'><strong>’,ἰ</strong></span> 
     </span>
     <span class='ocr_line' id='line_1_3' title="bbox 137 190 1312 274; baseline 0 -18"><span class='ocrx_word' id='word_1_7' title='bbox 137 192 277 256; x_wconf 88' lang='lat' dir='ltr'><strong>fractum</strong></span> <span class='ocrx_word' id='word_1_8' title='bbox 300 190 426 255; x_wconf 86' lang='lat' dir='ltr'><strong>dicendi</strong></span> <span class='ocrx_word' id='word_1_9' title='bbox 449 210 551 274; x_wconf 82' lang='lat' dir='ltr'><strong>genus</strong></span> <span class='ocrx_word' id='word_1_10' title='bbox 574 211 723 254; x_wconf 86' lang='lat' dir='ltr'><strong>revocare</strong></span> <span class='ocrx_word' id='word_1_11' title='bbox 747 190 787 252; x_wconf 89' lang='lat' dir='ltr'><strong>ad</strong></span> <span class='ocrx_word' id='word_1_12' title='bbox 812 190 971 256; x_wconf 77' lang='lat' dir='ltr'>severiora</span> <span class='ocrx_word' id='word_1_13' title='bbox 996 191 1113 255; x_wconf 86' lang='lat' dir='ltr'><strong>iudicia</strong></span> <span class='ocrx_word' id='word_1_14' title='bbox 1137 192 1312 257; x_wconf 89' lang='lat' dir='ltr'><strong>contendo:</strong></span> 
     </span>
     <span class='ocr_line' id='line_1_4' title="bbox 137 277 1377 364; baseline 0.002 -19"><span class='ocrx_word' id='word_1_15' title='bbox 137 285 207 345; x_wconf 87' lang='lat' dir='ltr'><strong>tum</strong></span> <span class='ocrx_word' id='word_1_16' title='bbox 222 283 330 344; x_wconf 87' lang='lat' dir='ltr'><strong>autem</strong></span> <span class='ocrx_word' id='word_1_17' title='bbox 345 279 432 344; x_wconf 90' lang='lat' dir='ltr'><strong>solus</strong></span> <span class='ocrx_word' id='word_1_18' title='bbox 455 277 508 342; x_wconf 91' lang='lat' dir='ltr'><strong>hio</strong></span> <span class='ocrx_word' id='word_1_19' title='bbox 530 278 597 341; x_wconf 90' lang='lat' dir='ltr'><strong>fere</strong></span> <span class='ocrx_word' id='word_1_20' title='bbox 619 279 655 342; x_wconf 92' lang='lat' dir='ltr'><strong>in</strong></span> <span class='ocrx_word' id='word_1_21' title='bbox 669 279 818 342; x_wconf 88' lang='lat' dir='ltr'><strong>manibus</strong></span> <span class='ocrx_word' id='word_1_22' title='bbox 833 278 1085 342; x_wconf 89' lang='lat' dir='ltr'><strong>adulescentium</strong></span> <span class='ocrx_word' id='word_1_23' title='bbox 1109 280 1181 344; x_wconf 86' lang='lat' dir='ltr'><strong>fuit.</strong></span> <span class='ocrx_word' id='word_1_24' title='bbox 1219 301 1377 364; x_wconf 77' lang='lat' dir='ltr'><strong>quemme</strong></span> 
     </span>
     <span class='ocr_line' id='line_1_5' title="bbox 138 366 1314 453; baseline 0 -21"><span class='ocrx_word' id='word_1_25' title='bbox 138 391 206 434; x_wconf 92' lang='lat' dir='ltr'><strong>non</strong></span> <span class='ocrx_word' id='word_1_26' title='bbox 234 367 380 453; x_wconf 86' lang='lat' dir='ltr'>equidem</span> <span class='ocrx_word' id='word_1_27' title='bbox 407 367 540 432; x_wconf 90' lang='lat' dir='ltr'><strong>omnino</strong></span> <span class='ocrx_word' id='word_1_28' title='bbox 570 366 712 431; x_wconf 88' lang='lat' dir='ltr'><strong>conabar</strong></span> <span class='ocrx_word' id='word_1_29' title='bbox 739 370 901 450; x_wconf 79' lang='lat' dir='ltr'><strong>excutere,</strong></span> <span class='ocrx_word' id='word_1_30' title='bbox 934 367 989 430; x_wconf 90' lang='lat' dir='ltr'><strong>sed</strong></span> <span class='ocrx_word' id='word_1_31' title='bbox 1016 369 1197 450; x_wconf 90' lang='lat' dir='ltr'><strong>potioribus</strong></span> <span class='ocrx_word' id='word_1_32' title='bbox 1224 391 1314 452; x_wconf 90' lang='lat' dir='ltr'><strong>prae-</strong></span> 
     </span>
     <span class='ocr_line' id='line_1_6' title="bbox 139 453 1314 540; baseline -0.002 -18"><span class='ocrx_word' id='word_1_33' title='bbox 139 458 217 522; x_wconf 85' lang='lat' dir='ltr'><strong>ferri</strong></span> <span class='ocrx_word' id='word_1_34' title='bbox 238 479 307 521; x_wconf 92' lang='lat' dir='ltr'><strong>non</strong></span> <span class='ocrx_word' id='word_1_35' title='bbox 331 457 489 540; x_wconf 81' lang='lat' dir='ltr'>sinebam,</span> <span class='ocrx_word' id='word_1_36' title='bbox 512 477 593 538; x_wconf 91' lang='lat' dir='ltr'><strong>quos</strong></span> <span class='ocrx_word' id='word_1_37' title='bbox 616 455 670 518; x_wconf 91' lang='lat' dir='ltr'><strong>ille</strong></span> <span class='ocrx_word' id='word_1_38' title='bbox 693 477 759 519; x_wconf 91' lang='lat' dir='ltr'><strong>non</strong></span> <span class='ocrx_word' id='word_1_39' title='bbox 784 453 951 520; x_wconf 74' lang='lat' dir='ltr'><strong>destiterat</strong></span> <span class='ocrx_word' id='word_1_40' title='bbox 974 457 1145 539; x_wconf 82' lang='lat' dir='ltr'><strong>incessere,</strong></span> <span class='ocrx_word' id='word_1_41' title='bbox 1173 477 1245 520; x_wconf 89' lang='lat' dir='ltr'><strong>cum</strong></span> <span class='ocrx_word' id='word_1_42' title='bbox 1268 456 1314 520; x_wconf 92' lang='lat' dir='ltr'><strong>di-</strong></span> 
     </span>
     <span class='ocr_line' id='line_1_7' title="bbox 137 542 1314 628; baseline -0.002 -18"><span class='ocrx_word' id='word_1_43' title='bbox 137 547 222 610; x_wconf 89' lang='lat' dir='ltr'><strong>versi</strong></span> <span class='ocrx_word' id='word_1_44' title='bbox 246 545 308 610; x_wconf 89' lang='lat' dir='ltr'><strong>sibi</strong></span> <span class='ocrx_word' id='word_1_45' title='bbox 322 545 470 609; x_wconf 86' lang='lat' dir='ltr'><strong>conscius</strong></span> <span class='ocrx_word' id='word_1_46' title='bbox 494 543 620 628; x_wconf 82' lang='lat' dir='ltr'><strong>generis</strong></span> <span class='ocrx_word' id='word_1_47' title='bbox 643 545 769 628; x_wconf 88' lang='lat' dir='ltr'><strong>placere</strong></span> <span class='ocrx_word' id='word_1_48' title='bbox 784 565 817 607; x_wconf 90' lang='lat' dir='ltr'><strong>se</strong></span> <span class='ocrx_word' id='word_1_49' title='bbox 840 542 875 608; x_wconf 90' lang='lat' dir='ltr'><strong>in</strong></span> <span class='ocrx_word' id='word_1_50' title='bbox 898 543 1032 608; x_wconf 89' lang='lat' dir='ltr'><strong>dicendo</strong></span> <span class='ocrx_word' id='word_1_51' title='bbox 1055 566 1150 628; x_wconf 89' lang='lat' dir='ltr'><strong>posse</strong></span> <span class='ocrx_word' id='word_1_52' title='bbox 1173 544 1222 626; x_wconf 86' lang='lat' dir='ltr'><strong>iis,</strong></span> <span class='ocrx_word' id='word_1_53' title='bbox 1246 547 1314 628; x_wconf 90' lang='lat' dir='ltr'><strong>qui-</strong></span> 
     </span>
     <span class='ocr_line' id='line_1_8' title="bbox 137 632 1315 718; baseline -0.003 -19"><span class='ocrx_word' id='word_1_54' title='bbox 137 637 198 699; x_wconf 87' lang='lat' dir='ltr'><strong>bus</strong></span> <span class='ocrx_word' id='word_1_55' title='bbox 221 635 269 698; x_wconf 89' lang='lat' dir='ltr'><strong>illi</strong></span> <span class='ocrx_word' id='word_1_56' title='bbox 291 634 469 718; x_wconf 82' lang='lat' dir='ltr'><strong>placerent,</strong></span> <span class='ocrx_word' id='word_1_57' title='bbox 492 632 660 696; x_wconf 84' lang='lat' dir='ltr'><strong>diffideret.</strong></span> <span class='ocrx_word' id='word_1_58' title='bbox 698 633 852 696; x_wconf 87' lang='lat' dir='ltr'><strong>amabant</strong></span> <span class='ocrx_word' id='word_1_59' title='bbox 872 637 979 696; x_wconf 85' lang='lat' dir='ltr'><strong>autem</strong></span> <span class='ocrx_word' id='word_1_60' title='bbox 995 655 1068 697; x_wconf 93' lang='lat' dir='ltr'><strong>eum</strong></span> <span class='ocrx_word' id='word_1_61' title='bbox 1091 634 1194 717; x_wconf 86' lang='lat' dir='ltr'><strong>magis</strong></span> <span class='ocrx_word' id='word_1_62' title='bbox 1219 655 1315 716; x_wconf 85' lang='lat' dir='ltr'><strong>quam</strong></span> 
     </span>
     <span class='ocr_line' id='line_1_9' title="bbox 137 719 1313 805; baseline -0.003 -17"><span class='ocrx_word' id='word_1_63' title='bbox 137 723 349 788; x_wconf 83' lang='lat' dir='ltr'><strong>imitabantur</strong></span> <span class='ocrx_word' id='word_1_64' title='bbox 365 724 564 804; x_wconf 86' lang='lat' dir='ltr'><strong>tantumque</strong></span> <span class='ocrx_word' id='word_1_65' title='bbox 588 720 628 784; x_wconf 91' lang='lat' dir='ltr'><strong>ab</strong></span> <span class='ocrx_word' id='word_1_66' title='bbox 653 742 690 785; x_wconf 88' lang='lat' dir='ltr'><strong>eo</strong></span> <span class='ocrx_word' id='word_1_67' title='bbox 715 719 911 805; x_wconf 83' lang='lat' dir='ltr'><strong>defluebant,</strong></span> <span class='ocrx_word' id='word_1_68' title='bbox 935 724 1092 804; x_wconf 87' lang='lat' dir='ltr'><strong>quantum</strong></span> <span class='ocrx_word' id='word_1_69' title='bbox 1115 722 1169 785; x_wconf 90' lang='lat' dir='ltr'><strong>ille</strong></span> <span class='ocrx_word' id='word_1_70' title='bbox 1193 720 1233 784; x_wconf 91' lang='lat' dir='ltr'><strong>ab</strong></span> <span class='ocrx_word' id='word_1_71' title='bbox 1258 743 1313 785; x_wconf 92' lang='lat' dir='ltr'><strong>an·</strong></span> 
     </span>
     <span class='ocr_line' id='line_1_10' title="bbox 138 808 1376 896; baseline -0.002 -20"><span class='ocrx_word' id='word_1_72' title='bbox 138 813 237 896; x_wconf 88' lang='lat' dir='ltr'><strong>tiquis</strong></span> <span class='ocrx_word' id='word_1_73' title='bbox 262 811 480 875; x_wconf 87' lang='lat' dir='ltr'><strong>descenderat.</strong></span> <span class='ocrx_word' id='word_1_74' title='bbox 516 809 601 874; x_wconf 89' lang='lat' dir='ltr'><strong>foret</strong></span> <span class='ocrx_word' id='word_1_75' title='bbox 625 809 711 872; x_wconf 91' lang='lat' dir='ltr'><strong>enim</strong></span> <span class='ocrx_word' id='word_1_76' title='bbox 726 808 917 893; x_wconf 85' lang='lat' dir='ltr'><strong>optandum,</strong></span> <span class='ocrx_word' id='word_1_77' title='bbox 939 831 1034 893; x_wconf 90' lang='lat' dir='ltr'><strong>pares</strong></span> <span class='ocrx_word' id='word_1_78' title='bbox 1058 832 1095 873; x_wconf 86' lang='lat' dir='ltr'><strong>ae</strong></span> <span class='ocrx_word' id='word_1_79' title='bbox 1110 811 1224 874; x_wconf 87' lang='lat' dir='ltr'><strong>saltem</strong></span> <span class='ocrx_word' id='word_1_80' title='bbox 1240 831 1311 893; x_wconf 91' lang='lat' dir='ltr'><strong>pro·</strong></span> <span class='ocrx_word' id='word_1_81' title='bbox 1329 825 1376 874; x_wconf 77' lang='lat'><strong>127</strong></span> 
     </span>
     <span class='ocr_line' id='line_1_11' title="bbox 138 897 1313 981; baseline -0.002 -17"><span class='ocrx_word' id='word_1_82' title='bbox 138 901 241 965; x_wconf 80' lang='lat' dir='ltr'><strong>nimos</strong></span> <span class='ocrx_word' id='word_1_83' title='bbox 265 898 312 963; x_wconf 92' lang='lat' dir='ltr'><strong>illi</strong></span> <span class='ocrx_word' id='word_1_84' title='bbox 335 899 404 964; x_wconf 83' lang='lat' dir='ltr'><strong>viro</strong></span> <span class='ocrx_word' id='word_1_85' title='bbox 427 899 505 961; x_wconf 92' lang='lat' dir='ltr'><strong>fieri.</strong></span> <span class='ocrx_word' id='word_1_86' title='bbox 543 897 598 960; x_wconf 89' lang='lat' dir='ltr'><strong>sed</strong></span> <span class='ocrx_word' id='word_1_87' title='bbox 621 897 771 980; x_wconf 89' lang='lat' dir='ltr'><strong>placebat</strong></span> <span class='ocrx_word' id='word_1_88' title='bbox 797 902 930 981; x_wconf 84' lang='lat' dir='ltr'><strong>propter</strong></span> <span class='ocrx_word' id='word_1_89' title='bbox 953 899 1023 963; x_wconf 88' lang='lat' dir='ltr'><strong>sola</strong></span> <span class='ocrx_word' id='word_1_90' title='bbox 1045 898 1125 962; x_wconf 85' lang='lat' dir='ltr'><strong>vitia</strong></span> <span class='ocrx_word' id='word_1_91' title='bbox 1152 902 1184 962; x_wconf 89' lang='lat' dir='ltr'><strong>et</strong></span> <span class='ocrx_word' id='word_1_92' title='bbox 1212 898 1253 961; x_wconf 93' lang='lat' dir='ltr'><strong>ad</strong></span> <span class='ocrx_word' id='word_1_93' title='bbox 1276 920 1313 962; x_wconf 90' lang='lat' dir='ltr'><strong>ea</strong></span> 
     </span>
     <span class='ocr_line' id='line_1_12' title="bbox 137 985 1313 1073; baseline -0.003 -19"><span class='ocrx_word' id='word_1_94' title='bbox 137 989 329 1073; x_wconf 80' lang='lat' dir='ltr'><strong>aequisque</strong></span> <span class='ocrx_word' id='word_1_95' title='bbox 357 987 518 1072; x_wconf 79' lang='lat' dir='ltr'><strong>dirigebat</strong></span> <span class='ocrx_word' id='word_1_96' title='bbox 540 985 737 1070; x_wconf 81' lang='lat' dir='ltr'><strong>effingenda,</strong></span> <span class='ocrx_word' id='word_1_97' title='bbox 766 1008 847 1069; x_wconf 89' lang='lat' dir='ltr'><strong>quae</strong></span> <span class='ocrx_word' id='word_1_98' title='bbox 878 990 1019 1070; x_wconf 85' lang='lat' dir='ltr'><strong>poterat:</strong></span> <span class='ocrx_word' id='word_1_99' title='bbox 1048 986 1161 1051; x_wconf 91' lang='lat' dir='ltr'><strong>deinde</strong></span> <span class='ocrx_word' id='word_1_100' title='bbox 1184 1009 1256 1051; x_wconf 90' lang='lat' dir='ltr'><strong>cum</strong></span> <span class='ocrx_word' id='word_1_101' title='bbox 1280 1009 1313 1050; x_wconf 88' lang='lat' dir='ltr'><strong>se</strong></span> 
     </span>
    </p>
   </div>
   <div class='ocr_carea' id='block_1_3' title="bbox 138 1072 1376 1157">
    <p class='ocr_par' dir='ltr' id='par_1_3' title="bbox 138 1072 1376 1157">
     <span class='ocr_line' id='line_1_13' title="bbox 138 1072 1376 1157; baseline -0.004 -16"><span class='ocrx_word' id='word_1_102' title='bbox 138 1079 273 1142; x_wconf 88' lang='lat' dir='ltr'><strong>iactaret</strong></span> <span class='ocrx_word' id='word_1_103' title='bbox 305 1076 416 1140; x_wconf 90' lang='lat' dir='ltr'><strong>eodem</strong></span> <span class='ocrx_word' id='word_1_104' title='bbox 448 1074 543 1139; x_wconf 92' lang='lat' dir='ltr'><strong>modo</strong></span> <span class='ocrx_word' id='word_1_105' title='bbox 577 1072 695 1157; x_wconf 90' lang='lat' dir='ltr'><strong>dicere,</strong></span> <span class='ocrx_word' id='word_1_106' title='bbox 731 1072 885 1138; x_wconf 81' lang='lat' dir='ltr'><strong>Senecam</strong></span> <span class='ocrx_word' id='word_1_107' title='bbox 921 1075 1109 1139; x_wconf 86' lang='lat' dir='ltr'><strong>infamabat.</strong></span> <span class='ocrx_word' id='word_1_108' title='bbox 1156 1076 1244 1140; x_wconf 87' lang='lat' dir='ltr'><strong>ouius</strong></span> <span class='ocrx_word' id='word_1_109' title='bbox 1282 1078 1376 1139; x_wconf 80' lang='lat' dir='ltr'><strong>et128</strong></span> 
     </span>
    </p>
   </div>
   <div class='ocr_carea' id='block_1_4' title="bbox 32 1163 1313 1248">
    <p class='ocr_par' dir='ltr' id='par_1_4' title="bbox 32 1163 1313 1248">
     <span class='ocr_line' id='line_1_14' title="bbox 32 1163 1313 1248; baseline -0.003 -17"><span class='ocrx_word' id='word_1_110' title='bbox 32 1175 35 1184; x_wconf 82' lang='grc'><em>’</em></span> <span class='ocrx_word' id='word_1_111' title='bbox 137 1167 258 1230; x_wconf 89' lang='lat' dir='ltr'><strong>multae</strong></span> <span class='ocrx_word' id='word_1_112' title='bbox 282 1164 402 1248; x_wconf 88' lang='lat' dir='ltr'><strong>alioqui</strong></span> <span class='ocrx_word' id='word_1_113' title='bbox 426 1167 459 1226; x_wconf 90' lang='lat' dir='ltr'><strong>et</strong></span> <span class='ocrx_word' id='word_1_114' title='bbox 481 1184 618 1247; x_wconf 83' lang='lat' dir='ltr'><strong>magnae</strong></span> <span class='ocrx_word' id='word_1_115' title='bbox 641 1163 777 1226; x_wconf 85' lang='lat' dir='ltr'><strong>virtutes</strong></span> <span class='ocrx_word' id='word_1_116' title='bbox 800 1163 944 1248; x_wconf 84' lang='lat' dir='ltr'><strong>fuerunt,</strong></span> <span class='ocrx_word' id='word_1_117' title='bbox 971 1164 1138 1248; x_wconf 84' lang='lat' dir='ltr'><strong>ingenium</strong></span> <span class='ocrx_word' id='word_1_118' title='bbox 1162 1163 1256 1228; x_wconf 82' lang='lat' dir='ltr'><strong>facile</strong></span> <span class='ocrx_word' id='word_1_119' title='bbox 1280 1167 1313 1227; x_wconf 88' lang='lat' dir='ltr'><strong>et</strong></span> 
     </span>
    </p>
   </div>
   <div class='ocr_carea' id='block_1_5' title="bbox 137 1252 1312 1338">
    <p class='ocr_par' dir='ltr' id='par_1_5' title="bbox 137 1252 1312 1338">
     <span class='ocr_line' id='line_1_15' title="bbox 137 1252 1312 1338; baseline -0.004 -19"><span class='ocrx_word' id='word_1_120' title='bbox 137 1255 321 1338; x_wconf 87' lang='lat' dir='ltr'><strong>copiosum,</strong></span> <span class='ocrx_word' id='word_1_121' title='bbox 343 1252 518 1336; x_wconf 89' lang='lat' dir='ltr'><strong>plurimum</strong></span> <span class='ocrx_word' id='word_1_122' title='bbox 533 1252 644 1335; x_wconf 90' lang='lat' dir='ltr'><strong>studii,</strong></span> <span class='ocrx_word' id='word_1_123' title='bbox 658 1252 761 1315; x_wconf 88' lang='lat' dir='ltr'><strong>multa</strong></span> <span class='ocrx_word' id='word_1_124' title='bbox 774 1273 882 1315; x_wconf 89' lang='lat' dir='ltr'><strong>rerum</strong></span> <span class='ocrx_word' id='word_1_125' title='bbox 897 1252 1039 1337; x_wconf 84' lang='lat' dir='ltr'><strong>cognitio</strong></span> <span class='ocrx_word' id='word_1_126' title='bbox 1043 1303 1052 1336; x_wconf 90' lang='lat'><strong>,</strong></span> <span class='ocrx_word' id='word_1_127' title='bbox 1075 1252 1110 1316; x_wconf 90' lang='lat' dir='ltr'><strong>in</strong></span> <span class='ocrx_word' id='word_1_128' title='bbox 1125 1274 1188 1335; x_wconf 87' lang='lat' dir='ltr'><strong>qua</strong></span> <span class='ocrx_word' id='word_1_129' title='bbox 1202 1259 1312 1315; x_wconf 90' lang='lat' dir='ltr'><strong>tamen</strong></span> 
     </span>
    </p>
   </div>
   <div class='ocr_carea' id='block_1_6' title="bbox 139 1339 1393 1426">
    <p class='ocr_par' dir='ltr' id='par_1_6' title="bbox 139 1339 1393 1426">
     <span class='ocr_line' id='line_1_16' title="bbox 139 1339 1393 1426; baseline -0.002 -20"><span class='ocrx_word' id='word_1_130' title='bbox 139 1342 310 1426; x_wconf 90' lang='lat' dir='ltr'><strong>aliquando</strong></span> <span class='ocrx_word' id='word_1_131' title='bbox 340 1342 381 1404; x_wconf 92' lang='lat' dir='ltr'><strong>ab</strong></span> <span class='ocrx_word' id='word_1_132' title='bbox 408 1340 473 1424; x_wconf 83' lang='lat' dir='ltr'><strong>his,</strong></span> <span class='ocrx_word' id='word_1_133' title='bbox 501 1340 616 1424; x_wconf 90' lang='lat' dir='ltr'><strong>quibus</strong></span> <span class='ocrx_word' id='word_1_134' title='bbox 644 1339 837 1424; x_wconf 87' lang='lat' dir='ltr'><strong>inquirenda</strong></span> <span class='ocrx_word' id='word_1_135' title='bbox 860 1342 1017 1424; x_wconf 89' lang='lat' dir='ltr'><strong>quaedam</strong></span> <span class='ocrx_word' id='word_1_136' title='bbox 1039 1341 1228 1424; x_wconf 88' lang='lat' dir='ltr'><strong>mandabat,</strong></span> <span class='ocrx_word' id='word_1_137' title='bbox 1261 1341 1313 1404; x_wconf 92' lang='lat' dir='ltr'><strong>de·</strong></span> <span class='ocrx_word' id='word_1_138' title='bbox 1387 1361 1393 1370; x_wconf 69' lang='lat'>¹</span> 
     </span>
    </p>
   </div>
   <div class='ocr_carea' id='block_1_7' title="bbox 137 1427 1376 2047">
    <p class='ocr_par' dir='ltr' id='par_1_7' title="bbox 137 1427 1376 2047">
     <span class='ocr_line' id='line_1_17' title="bbox 137 1427 1312 1514; baseline -0.003 -19"><span class='ocrx_word' id='word_1_139' title='bbox 137 1436 251 1514; x_wconf 88' lang='lat' dir='ltr'><strong>ceptus</strong></span> <span class='ocrx_word' id='word_1_140' title='bbox 274 1433 332 1494; x_wconf 88' lang='lat' dir='ltr'><strong>est.</strong></span> <span class='ocrx_word' id='word_1_141' title='bbox 369 1428 521 1492; x_wconf 86' lang='lat' dir='ltr'><strong>tractavit</strong></span> <span class='ocrx_word' id='word_1_142' title='bbox 549 1429 645 1492; x_wconf 88' lang='lat' dir='ltr'><strong>etiam</strong></span> <span class='ocrx_word' id='word_1_143' title='bbox 674 1450 802 1492; x_wconf 90' lang='lat' dir='ltr'><strong>omnem</strong></span> <span class='ocrx_word' id='word_1_144' title='bbox 829 1427 896 1492; x_wconf 86' lang='lat' dir='ltr'><strong>fere</strong></span> <span class='ocrx_word' id='word_1_145' title='bbox 927 1429 1108 1494; x_wconf 90' lang='lat' dir='ltr'><strong>studiorum</strong></span> <span class='ocrx_word' id='word_1_146' title='bbox 1130 1429 1312 1492; x_wconf 84' lang='lat' dir='ltr'><strong>materiam:</strong></span> 
     </span>
     <span class='ocr_line' id='line_1_18' title="bbox 138 1516 1376 1601; baseline -0.004 -17"><span class='ocrx_word' id='word_1_147' title='bbox 138 1543 214 1584; x_wconf 90' lang='lat' dir='ltr'><strong>nam</strong></span> <span class='ocrx_word' id='word_1_148' title='bbox 239 1522 271 1582; x_wconf 88' lang='lat' dir='ltr'><strong>et</strong></span> <span class='ocrx_word' id='word_1_149' title='bbox 299 1518 461 1582; x_wconf 88' lang='lat' dir='ltr'><strong>orationes</strong></span> <span class='ocrx_word' id='word_1_150' title='bbox 485 1517 552 1580; x_wconf 91' lang='lat' dir='ltr'><strong>eius</strong></span> <span class='ocrx_word' id='word_1_151' title='bbox 576 1520 609 1579; x_wconf 92' lang='lat' dir='ltr'><strong>et</strong></span> <span class='ocrx_word' id='word_1_152' title='bbox 635 1519 786 1600; x_wconf 85' lang='lat' dir='ltr'><strong>poemata</strong></span> <span class='ocrx_word' id='word_1_153' title='bbox 814 1520 847 1580; x_wconf 90' lang='lat' dir='ltr'><strong>et</strong></span> <span class='ocrx_word' id='word_1_154' title='bbox 874 1517 1030 1600; x_wconf 84' lang='lat' dir='ltr'><strong>epistulae</strong></span> <span class='ocrx_word' id='word_1_155' title='bbox 1060 1520 1092 1580; x_wconf 89' lang='lat' dir='ltr'><strong>et</strong></span> <span class='ocrx_word' id='word_1_156' title='bbox 1119 1516 1239 1601; x_wconf 85' lang='lat' dir='ltr'><strong>dialogi</strong></span> <span class='ocrx_word' id='word_1_157' title='bbox 1267 1516 1312 1579; x_wconf 87' lang='lat' dir='ltr'><strong>fe·</strong></span> <span class='ocrx_word' id='word_1_158' title='bbox 1327 1525 1376 1574; x_wconf 82' lang='lat'><strong>129</strong></span> 
     </span>
     <span class='ocr_line' id='line_1_19' title="bbox 138 1603 1313 1689; baseline -0.003 -17"><span class='ocrx_word' id='word_1_159' title='bbox 138 1611 263 1672; x_wconf 88' lang='lat' dir='ltr'><strong>runtur.</strong></span> <span class='ocrx_word' id='word_1_160' title='bbox 298 1607 333 1670; x_wconf 93' lang='lat' dir='ltr'><strong>in</strong></span> <span class='ocrx_word' id='word_1_161' title='bbox 347 1603 554 1689; x_wconf 89' lang='lat' dir='ltr'><strong>philosophia</strong></span> <span class='ocrx_word' id='word_1_162' title='bbox 571 1627 686 1687; x_wconf 88' lang='lat' dir='ltr'><strong>parum</strong></span> <span class='ocrx_word' id='word_1_163' title='bbox 701 1604 852 1689; x_wconf 82' lang='lat' dir='ltr'><strong>diligens,</strong></span> <span class='ocrx_word' id='word_1_164' title='bbox 875 1605 1024 1689; x_wconf 84' lang='lat' dir='ltr'><strong>egregius</strong></span> <span class='ocrx_word' id='word_1_165' title='bbox 1038 1609 1147 1669; x_wconf 84' lang='lat' dir='ltr'><strong>tamen</strong></span> <span class='ocrx_word' id='word_1_166' title='bbox 1162 1605 1313 1669; x_wconf 87' lang='lat' dir='ltr'><strong>vitiorum</strong></span> 
     </span>
     <span class='ocr_line' id='line_1_20' title="bbox 137 1693 1313 1777; baseline -0.004 -16"><span class='ocrx_word' id='word_1_167' title='bbox 137 1698 314 1760; x_wconf 88' lang='lat' dir='ltr'><strong>insectator</strong></span> <span class='ocrx_word' id='word_1_168' title='bbox 335 1694 406 1757; x_wconf 90' lang='lat' dir='ltr'><strong>fuit.</strong></span> <span class='ocrx_word' id='word_1_169' title='bbox 443 1694 573 1757; x_wconf 49' lang='lat' dir='ltr'><strong>multae*</strong></span> <span class='ocrx_word' id='word_1_170' title='bbox 587 1694 621 1756; x_wconf 93' lang='lat' dir='ltr'><strong>in</strong></span> <span class='ocrx_word' id='word_1_171' title='bbox 635 1715 673 1757; x_wconf 92' lang='lat' dir='ltr'><strong>eo</strong></span> <span class='ocrx_word' id='word_1_172' title='bbox 688 1694 855 1776; x_wconf 89' lang='lat' dir='ltr'><strong>claraeque</strong></span> <span class='ocrx_word' id='word_1_173' title='bbox 879 1694 1071 1777; x_wconf 88' lang='lat' dir='ltr'><strong>sententiae,</strong></span> <span class='ocrx_word' id='word_1_174' title='bbox 1094 1694 1197 1756; x_wconf 91' lang='lat' dir='ltr'><strong>multa</strong></span> <span class='ocrx_word' id='word_1_175' title='bbox 1216 1693 1313 1757; x_wconf 88' lang='lat' dir='ltr'><strong>etiam</strong></span> 
     </span>
     <span class='ocr_line' id='line_1_21' title="bbox 139 1781 1313 1869; baseline -0.004 -20"><span class='ocrx_word' id='word_1_176' title='bbox 139 1807 264 1851; x_wconf 89' lang='lat' dir='ltr'><strong>morum</strong></span> <span class='ocrx_word' id='word_1_177' title='bbox 275 1781 381 1869; x_wconf 87' lang='lat' dir='ltr'><strong>gratia</strong></span> <span class='ocrx_word' id='word_1_178' title='bbox 390 1781 539 1866; x_wconf 84' lang='lat' dir='ltr'><strong>legenda,</strong></span> <span class='ocrx_word' id='word_1_179' title='bbox 561 1782 615 1845; x_wconf 89' lang='lat' dir='ltr'><strong>sed</strong></span> <span class='ocrx_word' id='word_1_180' title='bbox 637 1782 671 1845; x_wconf 91' lang='lat' dir='ltr'><strong>in</strong></span> <span class='ocrx_word' id='word_1_181' title='bbox 691 1782 868 1865; x_wconf 88' lang='lat' dir='ltr'><strong>eloquendo</strong></span> <span class='ocrx_word' id='word_1_182' title='bbox 889 1785 1039 1865; x_wconf 84' lang='lat' dir='ltr'><strong>corrupta</strong></span> <span class='ocrx_word' id='word_1_183' title='bbox 1056 1783 1206 1866; x_wconf 87' lang='lat' dir='ltr'><strong>pleraque</strong></span> <span class='ocrx_word' id='word_1_184' title='bbox 1217 1784 1313 1864; x_wconf 87' lang='lat' dir='ltr'><strong>atque</strong></span> 
     </span>
     <span class='ocr_line' id='line_1_22' title="bbox 137 1870 1376 1956; baseline -0.007 -17"><span class='ocrx_word' id='word_1_185' title='bbox 137 1896 176 1939; x_wconf 91' lang='lat' dir='ltr'><strong>eo</strong></span> <span class='ocrx_word' id='word_1_186' title='bbox 187 1871 467 1956; x_wconf 87' lang='lat' dir='ltr'><strong>perniciosissima,</strong></span> <span class='ocrx_word' id='word_1_187' title='bbox 482 1870 567 1954; x_wconf 92' lang='lat' dir='ltr'><strong>quod</strong></span> <span class='ocrx_word' id='word_1_188' title='bbox 582 1871 750 1934; x_wconf 88' lang='lat' dir='ltr'><strong>abundant</strong></span> <span class='ocrx_word' id='word_1_189' title='bbox 765 1871 909 1934; x_wconf 88' lang='lat' dir='ltr'><strong>dulcibus</strong></span> <span class='ocrx_word' id='word_1_190' title='bbox 928 1870 1024 1934; x_wconf 87' lang='lat' dir='ltr'><strong>vitiis.</strong></span> <span class='ocrx_word' id='word_1_191' title='bbox 1053 1870 1151 1934; x_wconf 83' lang='lat' dir='ltr'><strong>velles</strong></span> <span class='ocrx_word' id='word_1_192' title='bbox 1166 1892 1239 1933; x_wconf 89' lang='lat' dir='ltr'><strong>eum</strong></span> <span class='ocrx_word' id='word_1_193' title='bbox 1254 1892 1312 1933; x_wconf 86' lang='lat' dir='ltr'><strong>suo</strong></span> <span class='ocrx_word' id='word_1_194' title='bbox 1327 1883 1376 1932; x_wconf 86' lang='lat'><strong>130</strong></span> 
     </span>
     <span class='ocr_line' id='line_1_23' title="bbox 138 1958 1311 2047; baseline -0.004 -20"><span class='ocrx_word' id='word_1_195' title='bbox 138 1963 269 2047; x_wconf 85' lang='lat' dir='ltr'><strong>ingenio</strong></span> <span class='ocrx_word' id='word_1_196' title='bbox 289 1961 420 2042; x_wconf 85' lang='lat' dir='ltr'><strong>dixisse,</strong></span> <span class='ocrx_word' id='word_1_197' title='bbox 444 1959 548 2023; x_wconf 91' lang='lat' dir='ltr'><strong>alieno</strong></span> <span class='ocrx_word' id='word_1_198' title='bbox 567 1959 698 2023; x_wconf 89' lang='lat' dir='ltr'><strong>iudicio:</strong></span> <span class='ocrx_word' id='word_1_199' title='bbox 722 1981 799 2024; x_wconf 89' lang='lat' dir='ltr'><strong>nam</strong></span> <span class='ocrx_word' id='word_1_200' title='bbox 822 1960 849 2023; x_wconf 89' lang='lat' dir='ltr'><strong>si</strong></span> <span class='ocrx_word' id='word_1_201' title='bbox 868 1961 998 2040; x_wconf 58' lang='lat' dir='ltr'><strong>untmuu</strong></span> <span class='ocrx_word' id='word_1_202' title='bbox 1020 1980 1084 2023; x_wconf 80' lang='lat' dir='ltr'><strong>non</strong></span> <span class='ocrx_word' id='word_1_203' title='bbox 1102 1958 1311 2042; x_wconf 88' lang='lat' dir='ltr'><strong>contempsis-</strong></span> 
     </span>
    </p>
   </div>
   <div class='ocr_carea' id='block_1_8' title="bbox 138 2167 1326 4201">
    <p class='ocr_par' dir='ltr' id='par_1_8' title="bbox 138 2167 1326 4201">
     <span class='ocr_line' id='line_1_24' title="bbox 139 2167 1310 2250; baseline -0.004 -26"><span class='ocrx_word' id='word_1_204' title='bbox 139 2181 210 2232; x_wconf 76' lang='lat' dir='ltr'><strong>tuur,</strong></span> <span class='ocrx_word' id='word_1_205' title='bbox 222 2169 453 2236; x_wconf 70' lang='lat' dir='ltr'><strong>¹abgesohudcbt:</strong></span> <span class='ocrx_word' id='word_1_206' title='bbox 476 2167 533 2234; x_wconf 87' lang='lat' dir='ltr'><strong>vgl.</strong></span> <span class='ocrx_word' id='word_1_207' title='bbox 550 2172 584 2248; x_wconf 65' lang='lat'><strong>⁸§.</strong></span> <span class='ocrx_word' id='word_1_208' title='bbox 610 2173 666 2248; x_wconf 62' lang='lat'><strong>130,</strong></span> <span class='ocrx_word' id='word_1_209' title='bbox 689 2169 698 2235; x_wconf 71' lang='lat' dir='ltr'><strong>ll</strong></span> <span class='ocrx_word' id='word_1_210' title='bbox 786 2174 844 2223; x_wconf 72' lang='lat'><strong>129.</strong></span> <span class='ocrx_word' id='word_1_211' title='bbox 864 2170 1015 2250; x_wconf 63' lang='lat' dir='ltr'><strong>usationee,</strong></span> <span class='ocrx_word' id='word_1_212' title='bbox 1033 2178 1176 2237; x_wconf 80' lang='lat' dir='ltr'><strong>poemata,</strong></span> <span class='ocrx_word' id='word_1_213' title='bbox 1194 2168 1310 2236; x_wconf 72' lang='lat' dir='ltr'><strong>diuloqi]</strong></span> 
     </span>
     <span class='ocr_line' id='line_1_25' title="bbox 139 2234 1314 2372; baseline -0.004 -14"><span class='ocrx_word' id='word_1_214' title='bbox 139 2234 699 2358; x_wconf 57' lang='lat' dir='ltr'><strong>{stltatfltltlltltt</strong></span> <span class='ocrx_word' id='word_1_215' title='bbox 752 2235 1314 2372; x_wconf 45' lang='lat' dir='ltr'><strong>lllln&#39;hlttttilletumtlt?</strong></span> 
     </span>
     <span class='ocr_line' id='line_1_26' title="bbox 139 2368 1312 2438; baseline -0.003 -13"><span class='ocrx_word' id='word_1_216' title='bbox 139 2377 185 2426; x_wconf 86' lang='lat' dir='ltr'><strong>des</strong></span> <span class='ocrx_word' id='word_1_217' title='bbox 207 2375 324 2435; x_wconf 83' lang='lat' dir='ltr'><strong>Seneca,</strong></span> <span class='ocrx_word' id='word_1_218' title='bbox 349 2369 468 2423; x_wconf 81' lang='lat' dir='ltr'><strong>eundern</strong></span> <span class='ocrx_word' id='word_1_219' title='bbox 491 2368 534 2420; x_wconf 87' lang='lat' dir='ltr'><strong>die</strong></span> <span class='ocrx_word' id='word_1_220' title='bbox 557 2369 585 2420; x_wconf 92' lang='lat' dir='ltr'><strong>in</strong></span> <span class='ocrx_word' id='word_1_221' title='bbox 609 2369 698 2422; x_wconf 82' lang='lat' dir='ltr'><strong>seiner</strong></span> <span class='ocrx_word' id='word_1_222' title='bbox 752 2369 927 2423; x_wconf 85' lang='lat' dir='ltr'><strong>schriebenen</strong></span> <span class='ocrx_word' id='word_1_223' title='bbox 962 2370 1139 2438; x_wconf 83' lang='lat' dir='ltr'><strong>Tragoedien</strong></span> <span class='ocrx_word' id='word_1_224' title='bbox 1170 2389 1191 2423; x_wconf 84' lang='lat' dir='ltr'><strong>s.</strong></span> <span class='ocrx_word' id='word_1_225' title='bbox 1226 2371 1312 2421; x_wconf 89' lang='lat' dir='ltr'><strong>Bern-</strong></span> 
     </span>
     <span class='ocr_line' id='line_1_27' title="bbox 141 2437 1314 2507; baseline -0.003 -14"><span class='ocrx_word' id='word_1_226' title='bbox 141 2442 203 2494; x_wconf 84' lang='lat' dir='ltr'><strong>Zeit</strong></span> <span class='ocrx_word' id='word_1_227' title='bbox 232 2439 387 2507; x_wconf 79' lang='lat' dir='ltr'><strong>dberhaupt</strong></span> <span class='ocrx_word' id='word_1_228' title='bbox 418 2437 600 2489; x_wconf 84' lang='lat' dir='ltr'><strong>berrechende</strong></span> <span class='ocrx_word' id='word_1_229' title='bbox 628 2437 697 2488; x_wconf 84' lang='lat' dir='ltr'><strong>Ver·</strong></span> <span class='ocrx_word' id='word_1_230' title='bbox 752 2437 841 2503; x_wconf 86' lang='lat' dir='ltr'><strong>hardy</strong></span> <span class='ocrx_word' id='word_1_231' title='bbox 860 2437 1101 2494; x_wconf 80' lang='lat' dir='ltr'><strong>rdrn.Litt.Anm.</strong></span> <span class='ocrx_word' id='word_1_232' title='bbox 1122 2441 1185 2503; x_wconf 76' lang='lat'><strong>3223</strong></span> <span class='ocrx_word' id='word_1_233' title='bbox 1204 2437 1314 2490; x_wconf 86' lang='lat' dir='ltr'><strong>Teuffel</strong></span> 
     </span>
     <span class='ocr_line' id='line_1_28' title="bbox 138 2504 857 2572; baseline -0.003 -12"><span class='ocrx_word' id='word_1_234' title='bbox 138 2507 262 2560; x_wconf 85' lang='lat' dir='ltr'><strong>derbniss</strong></span> <span class='ocrx_word' id='word_1_235' title='bbox 284 2508 330 2560; x_wconf 87' lang='lat' dir='ltr'><strong>des</strong></span> <span class='ocrx_word' id='word_1_236' title='bbox 348 2505 424 2562; x_wconf 77' lang='lat' dir='ltr'><strong>Stilo.</strong></span> <span class='ocrx_word' id='word_1_237' title='bbox 459 2504 633 2572; x_wconf 80' lang='lat' dir='ltr'><strong>Vg1.§.4a:</strong></span> <span class='ocrx_word' id='word_1_238' title='bbox 656 2521 698 2557; x_wconf 90' lang='lat' dir='ltr'><strong>re·</strong></span> <span class='ocrx_word' id='word_1_239' title='bbox 753 2509 777 2569; x_wconf 72' lang='lat' dir='ltr'><strong>s.</strong></span> <span class='ocrx_word' id='word_1_240' title='bbox 797 2509 857 2558; x_wconf 79' lang='lat'><strong>285.</strong></span> 
     </span>
     <span class='ocr_line' id='line_1_29' title="bbox 140 2572 1312 2640; baseline -0.003 -12"><span class='ocrx_word' id='word_1_241' title='bbox 140 2595 202 2628; x_wconf 86' lang='lat' dir='ltr'><strong>cens</strong></span> <span class='ocrx_word' id='word_1_242' title='bbox 227 2576 293 2627; x_wconf 87' lang='lat' dir='ltr'><strong>haec</strong></span> <span class='ocrx_word' id='word_1_243' title='bbox 316 2572 550 2639; x_wconf 64' lang='lat' dir='ltr'><strong>lasciviendum</strong></span> <span class='ocrx_word' id='word_1_244' title='bbox 570 2591 698 2625; x_wconf 86' lang='lat' dir='ltr'><strong>...eun·</strong></span> <span class='ocrx_word' id='word_1_245' title='bbox 788 2577 845 2625; x_wconf 87' lang='lat'>130.</span> <span class='ocrx_word' id='word_1_246' title='bbox 869 2572 984 2640; x_wconf 79' lang='lat' dir='ltr'><strong>iudicio]</strong></span> <span class='ocrx_word' id='word_1_247' title='bbox 1003 2572 1106 2638; x_wconf 82' lang='lat' dir='ltr'><strong>Kritik,</strong></span> <span class='ocrx_word' id='word_1_248' title='bbox 1130 2572 1312 2637; x_wconf 82' lang='lat' dir='ltr'><strong>Gescbmack‚</strong></span> 
     </span>
     <span class='ocr_line' id='line_1_30' title="bbox 140 2639 1313 2710; baseline -0.006 -14"><span class='ocrx_word' id='word_1_249' title='bbox 140 2642 233 2710; x_wconf 74' lang='lat' dir='ltr'><strong>tendo]</strong></span> <span class='ocrx_word' id='word_1_250' title='bbox 254 2643 316 2693; x_wconf 86' lang='lat' dir='ltr'><strong>dass</strong></span> <span class='ocrx_word' id='word_1_251' title='bbox 333 2641 419 2693; x_wconf 84' lang='lat' dir='ltr'><strong>dieses</strong></span> <span class='ocrx_word' id='word_1_252' title='bbox 437 2641 571 2692; x_wconf 84' lang='lat' dir='ltr'><strong>Praesens</strong></span> <span class='ocrx_word' id='word_1_253' title='bbox 591 2640 641 2692; x_wconf 85' lang='lat' dir='ltr'><strong>aus</strong></span> <span class='ocrx_word' id='word_1_254' title='bbox 656 2640 698 2691; x_wconf 87' lang='lat' dir='ltr'><strong>die</strong></span> <span class='ocrx_word' id='word_1_255' title='bbox 754 2641 805 2691; x_wconf 86' lang='lat' dir='ltr'><strong>wie</strong></span> <span class='ocrx_word' id='word_1_256' title='bbox 824 2643 849 2703; x_wconf 85' lang='lat'><strong>§.</strong></span> <span class='ocrx_word' id='word_1_257' title='bbox 869 2645 893 2692; x_wconf 92' lang='lat'><strong>8.</strong></span> <span class='ocrx_word' id='word_1_258' title='bbox 913 2640 1000 2692; x_wconf 78' lang='lat' dir='ltr'><strong>Sino:</strong></span> <span class='ocrx_word' id='word_1_259' title='bbox 1025 2657 1086 2692; x_wconf 83' lang='lat' dir='ltr'><strong>mun</strong></span> <span class='ocrx_word' id='word_1_260' title='bbox 1109 2640 1216 2691; x_wconf 78' lang='lat' dir='ltr'><strong>mdcbte</strong></span> <span class='ocrx_word' id='word_1_261' title='bbox 1235 2639 1313 2691; x_wconf 79' lang='lat' dir='ltr'><strong>wlin-</strong></span> 
     </span>
     <span class='ocr_line' id='line_1_31' title="bbox 141 2706 1313 2777; baseline -0.003 -17"><span class='ocrx_word' id='word_1_262' title='bbox 141 2709 362 2777; x_wconf 81' lang='lat' dir='ltr'><strong>Vergangenbeit</strong></span> <span class='ocrx_word' id='word_1_263' title='bbox 380 2725 414 2759; x_wconf 81' lang='lat' dir='ltr'><strong>zu</strong></span> <span class='ocrx_word' id='word_1_264' title='bbox 432 2707 561 2759; x_wconf 85' lang='lat' dir='ltr'><strong>beziehen</strong></span> <span class='ocrx_word' id='word_1_265' title='bbox 585 2707 633 2770; x_wconf 79' lang='lat' dir='ltr'><strong>ist,</strong></span> <span class='ocrx_word' id='word_1_266' title='bbox 657 2725 698 2759; x_wconf 89' lang='lat' dir='ltr'><strong>er·</strong></span> <span class='ocrx_word' id='word_1_267' title='bbox 752 2710 850 2774; x_wconf 86' lang='lat' dir='ltr'><strong>seben,</strong></span> <span class='ocrx_word' id='word_1_268' title='bbox 875 2707 936 2759; x_wconf 82' lang='lat' dir='ltr'><strong>dass</strong></span> <span class='ocrx_word' id='word_1_269' title='bbox 955 2707 997 2759; x_wconf 86' lang='lat' dir='ltr'><strong>die</strong></span> <span class='ocrx_word' id='word_1_270' title='bbox 1015 2724 1069 2760; x_wconf 81' lang='lat' dir='ltr'><strong>von</strong></span> <span class='ocrx_word' id='word_1_271' title='bbox 1091 2709 1197 2760; x_wconf 85' lang='lat' dir='ltr'><strong>Seneca</strong></span> <span class='ocrx_word' id='word_1_272' title='bbox 1215 2706 1313 2774; x_wconf 80' lang='lat' dir='ltr'><strong>gesun-</strong></span> 
     </span>
     <span class='ocr_line' id='line_1_32' title="bbox 138 2773 1314 2842; baseline -0.005 -11"><span class='ocrx_word' id='word_1_273' title='bbox 138 2779 212 2831; x_wconf 84' lang='lat' dir='ltr'><strong>sieht</strong></span> <span class='ocrx_word' id='word_1_274' title='bbox 236 2794 297 2828; x_wconf 85' lang='lat' dir='ltr'><strong>nan</strong></span> <span class='ocrx_word' id='word_1_275' title='bbox 322 2793 372 2840; x_wconf 77' lang='lat' dir='ltr'><strong>aus</strong></span> <span class='ocrx_word' id='word_1_276' title='bbox 393 2775 452 2826; x_wconf 88' lang='lat' dir='ltr'><strong>dem</strong></span> <span class='ocrx_word' id='word_1_277' title='bbox 475 2774 620 2842; x_wconf 84' lang='lat' dir='ltr'><strong>folgenden</strong></span> <span class='ocrx_word' id='word_1_278' title='bbox 641 2783 699 2827; x_wconf 83' lang='lat' dir='ltr'><strong>tum</strong></span> <span class='ocrx_word' id='word_1_279' title='bbox 753 2775 839 2827; x_wconf 88' lang='lat' dir='ltr'><strong>denen</strong></span> <span class='ocrx_word' id='word_1_280' title='bbox 877 2776 1027 2827; x_wconf 82' lang='lat' dir='ltr'><strong>Gedanken</strong></span> <span class='ocrx_word' id='word_1_281' title='bbox 1063 2775 1113 2827; x_wconf 84' lang='lat' dir='ltr'><strong>rnit</strong></span> <span class='ocrx_word' id='word_1_282' title='bbox 1150 2773 1225 2826; x_wconf 86' lang='lat' dir='ltr'><strong>mehr</strong></span> <span class='ocrx_word' id='word_1_283' title='bbox 1260 2776 1314 2825; x_wconf 91' lang='lat' dir='ltr'><strong>Ge-</strong></span> 
     </span>
     <span class='ocr_line' id='line_1_33' title="bbox 140 2841 1315 2911; baseline -0.004 -12"><span class='ocrx_word' id='word_1_284' title='bbox 140 2847 272 2911; x_wconf 71' lang='lat' dir='ltr'><strong>...fuit</strong></span> <span class='ocrx_word' id='word_1_285' title='bbox 304 2843 314 2911; x_wconf 65' lang='lat' dir='ltr'><strong>l</strong></span> <span class='ocrx_word' id='word_1_286' title='bbox 348 2861 476 2894; x_wconf 80' lang='lat' dir='ltr'><strong>revocare</strong></span> <span class='ocrx_word' id='word_1_287' title='bbox 499 2845 536 2894; x_wconf 84' lang='lat' dir='ltr'><strong>ud</strong></span> <span class='ocrx_word' id='word_1_288' title='bbox 559 2844 698 2894; x_wconf 78' lang='lat' dir='ltr'><strong>severiora</strong></span> <span class='ocrx_word' id='word_1_289' title='bbox 752 2843 880 2895; x_wconf 85' lang='lat' dir='ltr'><strong>schmaek</strong></span> <span class='ocrx_word' id='word_1_290' title='bbox 916 2841 1102 2910; x_wconf 83' lang='lat' dir='ltr'><strong>ausgedriickt</strong></span> <span class='ocrx_word' id='word_1_291' title='bbox 1132 2843 1222 2894; x_wconf 73' lang='lat' dir='ltr'><strong>n&#39;dren</strong></span> <span class='ocrx_word' id='word_1_292' title='bbox 1252 2842 1315 2905; x_wconf 82' lang='lat' dir='ltr'><strong>(mit</strong></span> 
     </span>
     <span class='ocr_line' id='line_1_34' title="bbox 140 2909 1316 2980; baseline -0.002 -16"><span class='ocrx_word' id='word_1_293' title='bbox 140 2909 699 2980; x_wconf 78' lang='lat' dir='ltr'><strong>iudicia]gemeintsindnichtdieiudicia</strong></span> <span class='ocrx_word' id='word_1_294' title='bbox 753 2910 840 2962; x_wconf 88' lang='lat' dir='ltr'><strong>einem</strong></span> <span class='ocrx_word' id='word_1_295' title='bbox 861 2911 1058 2974; x_wconf 85' lang='lat' dir='ltr'><strong>Gesehmacke‚</strong></span> <span class='ocrx_word' id='word_1_296' title='bbox 1084 2909 1132 2961; x_wconf 87' lang='lat' dir='ltr'><strong>der</strong></span> <span class='ocrx_word' id='word_1_297' title='bbox 1153 2911 1207 2962; x_wconf 86' lang='lat' dir='ltr'><strong>ihm</strong></span> <span class='ocrx_word' id='word_1_298' title='bbox 1232 2909 1316 2962; x_wconf 76' lang='lat' dir='ltr'><strong>selbot</strong></span> 
     </span>
     <span class='ocr_line' id='line_1_35' title="bbox 140 2975 1315 3044; baseline -0.004 -12"><span class='ocrx_word' id='word_1_299' title='bbox 140 2983 188 3033; x_wconf 88' lang='lat' dir='ltr'><strong>der</strong></span> <span class='ocrx_word' id='word_1_300' title='bbox 205 2979 288 3032; x_wconf 83' lang='lat' dir='ltr'><strong>Leser</strong></span> <span class='ocrx_word' id='word_1_301' title='bbox 307 2978 363 3030; x_wconf 88' lang='lat' dir='ltr'><strong>und</strong></span> <span class='ocrx_word' id='word_1_302' title='bbox 378 2976 560 3036; x_wconf 84' lang='lat' dir='ltr'><strong>Beurtheiler,</strong></span> <span class='ocrx_word' id='word_1_303' title='bbox 578 2977 697 3029; x_wconf 83' lang='lat' dir='ltr'><strong>eundern</strong></span> <span class='ocrx_word' id='word_1_304' title='bbox 752 2977 880 3043; x_wconf 57' lang='lat' dir='ltr'><strong>sabbati!</strong></span> <span class='ocrx_word' id='word_1_305' title='bbox 894 2978 1060 3044; x_wconf 78' lang='lat' dir='ltr'><strong>namsi...]</strong></span> <span class='ocrx_word' id='word_1_306' title='bbox 1082 2977 1125 3027; x_wconf 92' lang='lat' dir='ltr'><strong>die</strong></span> <span class='ocrx_word' id='word_1_307' title='bbox 1138 2977 1197 3028; x_wconf 88' lang='lat' dir='ltr'><strong>bier</strong></span> <span class='ocrx_word' id='word_1_308' title='bbox 1214 2975 1242 3027; x_wconf 86' lang='lat' dir='ltr'><strong>in</strong></span> <span class='ocrx_word' id='word_1_309' title='bbox 1262 2976 1315 3028; x_wconf 87' lang='lat' dir='ltr'><strong>den</strong></span> 
     </span>
     <span class='ocr_line' id='line_1_36' title="bbox 140 3044 1313 3110; baseline -0.005 -10"><span class='ocrx_word' id='word_1_310' title='bbox 140 3051 189 3100; x_wconf 86' lang='lat' dir='ltr'><strong>der</strong></span> <span class='ocrx_word' id='word_1_311' title='bbox 201 3044 398 3099; x_wconf 79' lang='lat' dir='ltr'><strong>Schrifteteller</strong></span> <span class='ocrx_word' id='word_1_312' title='bbox 410 3045 507 3108; x_wconf 78' lang='lat' dir='ltr'><strong>selbst3</strong></span> <span class='ocrx_word' id='word_1_313' title='bbox 522 3044 593 3096; x_wconf 87' lang='lat' dir='ltr'><strong>diese</strong></span> <span class='ocrx_word' id='word_1_314' title='bbox 607 3044 698 3096; x_wconf 87' lang='lat' dir='ltr'><strong>wollte</strong></span> <span class='ocrx_word' id='word_1_315' title='bbox 752 3045 824 3096; x_wconf 82' lang='lat' dir='ltr'><strong>Text</strong></span> <span class='ocrx_word' id='word_1_316' title='bbox 834 3044 1122 3110; x_wconf 74' lang='lat' dir='ltr'><strong>ausgenommenetn.</strong></span> <span class='ocrx_word' id='word_1_317' title='bbox 1132 3045 1251 3110; x_wconf 76' lang='lat' dir='ltr'><strong>antiqua</strong></span> <span class='ocrx_word' id='word_1_318' title='bbox 1261 3061 1313 3095; x_wconf 82' lang='lat' dir='ltr'><strong>non</strong></span> 
     </span>
     <span class='ocr_line' id='line_1_37' title="bbox 141 3110 1313 3190; baseline -0.005 -24"><span class='ocrx_word' id='word_1_319' title='bbox 141 3117 176 3179; x_wconf 80' lang='lat' dir='ltr'><strong>Q,</strong></span> <span class='ocrx_word' id='word_1_320' title='bbox 194 3114 277 3166; x_wconf 86' lang='lat' dir='ltr'><strong>dabin</strong></span> <span class='ocrx_word' id='word_1_321' title='bbox 300 3112 432 3178; x_wconf 85' lang='lat' dir='ltr'><strong>bringen,</strong></span> <span class='ocrx_word' id='word_1_322' title='bbox 454 3110 514 3163; x_wconf 87' lang='lat' dir='ltr'><strong>ihre</strong></span> <span class='ocrx_word' id='word_1_323' title='bbox 537 3111 699 3163; x_wconf 84' lang='lat' dir='ltr'><strong>sehlerbafte</strong></span> <span class='ocrx_word' id='word_1_324' title='bbox 753 3112 809 3162; x_wconf 91' lang='lat' dir='ltr'><strong>und</strong></span> <span class='ocrx_word' id='word_1_325' title='bbox 818 3130 943 3190; x_wconf 82' lang='lat' dir='ltr'><strong>prauum</strong></span> <span class='ocrx_word' id='word_1_326' title='bbox 960 3112 1060 3163; x_wconf 81' lang='lat' dir='ltr'><strong>berubt</strong></span> <span class='ocrx_word' id='word_1_327' title='bbox 1078 3111 1129 3163; x_wconf 82' lang='lat' dir='ltr'><strong>uus</strong></span> <span class='ocrx_word' id='word_1_328' title='bbox 1143 3111 1192 3162; x_wconf 84' lang='lat' dir='ltr'><strong>der</strong></span> <span class='ocrx_word' id='word_1_329' title='bbox 1208 3110 1313 3162; x_wconf 82' lang='lat' dir='ltr'><strong>scharl-</strong></span> 
     </span>
     <span class='ocr_line' id='line_1_38' title="bbox 139 3177 1316 3245; baseline -0.006 -9"><span class='ocrx_word' id='word_1_330' title='bbox 139 3182 301 3236; x_wconf 83' lang='lat' dir='ltr'><strong>Sebreibart</strong></span> <span class='ocrx_word' id='word_1_331' title='bbox 326 3179 410 3232; x_wconf 75' lang='lat' dir='ltr'><strong>selbot</strong></span> <span class='ocrx_word' id='word_1_332' title='bbox 444 3179 520 3229; x_wconf 88' lang='lat' dir='ltr'><strong>einer</strong></span> <span class='ocrx_word' id='word_1_333' title='bbox 554 3188 698 3244; x_wconf 82' lang='lat' dir='ltr'><strong>strengern</strong></span> <span class='ocrx_word' id='word_1_334' title='bbox 753 3179 878 3245; x_wconf 83' lang='lat' dir='ltr'><strong>einnrgen</strong></span> <span class='ocrx_word' id='word_1_335' title='bbox 907 3177 1097 3245; x_wconf 82' lang='lat' dir='ltr'><strong>Vermutbung</strong></span> <span class='ocrx_word' id='word_1_336' title='bbox 1123 3179 1215 3245; x_wconf 83' lang='lat' dir='ltr'><strong>leep&#39;s</strong></span> <span class='ocrx_word' id='word_1_337' title='bbox 1245 3183 1316 3229; x_wconf 83' lang='lat' dir='ltr'><strong>statt</strong></span> 
     </span>
     <span class='ocr_line' id='line_1_39' title="bbox 142 3244 1315 3312; baseline -0.004 -10"><span class='ocrx_word' id='word_1_338' title='bbox 142 3249 231 3302; x_wconf 79' lang='lat' dir='ltr'><strong>Krieik</strong></span> <span class='ocrx_word' id='word_1_339' title='bbox 250 3265 285 3300; x_wconf 82' lang='lat' dir='ltr'><strong>au</strong></span> <span class='ocrx_word' id='word_1_340' title='bbox 303 3246 497 3299; x_wconf 80' lang='lat' dir='ltr'><strong>unteruerfen.</strong></span> <span class='ocrx_word' id='word_1_341' title='bbox 512 3245 522 3312; x_wconf 72' lang='lat' dir='ltr'><strong>l</strong></span> <span class='ocrx_word' id='word_1_342' title='bbox 536 3254 593 3297; x_wconf 80' lang='lat' dir='ltr'><strong>tum</strong></span> <span class='ocrx_word' id='word_1_343' title='bbox 606 3254 700 3297; x_wconf 82' lang='lat' dir='ltr'><strong>autem</strong></span> <span class='ocrx_word' id='word_1_344' title='bbox 754 3247 800 3297; x_wconf 89' lang='lat' dir='ltr'><strong>des</strong></span> <span class='ocrx_word' id='word_1_345' title='bbox 812 3262 899 3312; x_wconf 78' lang='lat' dir='ltr'><strong>vogen</strong></span> <span class='ocrx_word' id='word_1_346' title='bbox 912 3246 968 3298; x_wconf 89' lang='lat' dir='ltr'><strong>und</strong></span> <span class='ocrx_word' id='word_1_347' title='bbox 980 3245 1205 3311; x_wconf 78' lang='lat' dir='ltr'><strong>nicbtssagenden</strong></span> <span class='ocrx_word' id='word_1_348' title='bbox 1221 3244 1315 3312; x_wconf 86' lang='lat' dir='ltr'><strong>aliqua</strong></span> 
     </span>
     <span class='ocr_line' id='line_1_40' title="bbox 206 3312 1314 3384; baseline -0.008 -13.499"><span class='ocrx_word' id='word_1_349' title='bbox 206 3315 276 3384; x_wconf 76' lang='lat' dir='ltr'><strong>suit]</strong></span> <span class='ocrx_word' id='word_1_350' title='bbox 302 3322 383 3368; x_wconf 86' lang='lat' dir='ltr'><strong>noter</strong></span> <span class='ocrx_word' id='word_1_351' title='bbox 410 3313 500 3366; x_wconf 87' lang='lat' dir='ltr'><strong>diesen</strong></span> <span class='ocrx_word' id='word_1_352' title='bbox 528 3312 699 3365; x_wconf 81' lang='lat' dir='ltr'><strong>Urnstiinden</strong></span> <span class='ocrx_word' id='word_1_353' title='bbox 754 3313 810 3365; x_wconf 87' lang='lat' dir='ltr'><strong>und</strong></span> <span class='ocrx_word' id='word_1_354' title='bbox 831 3330 939 3381; x_wconf 83' lang='lat' dir='ltr'><strong>parurn,</strong></span> <span class='ocrx_word' id='word_1_355' title='bbox 960 3331 1016 3366; x_wconf 86' lang='lat' dir='ltr'><strong>was</strong></span> <span class='ocrx_word' id='word_1_356' title='bbox 1034 3313 1078 3364; x_wconf 85' lang='lat' dir='ltr'><strong>dia</strong></span> <span class='ocrx_word' id='word_1_357' title='bbox 1096 3312 1314 3366; x_wconf 80' lang='lat' dir='ltr'><strong>Handsehrilten</strong></span> 
     </span>
     <span class='ocr_line' id='line_1_41' title="bbox 141 3379 1315 3452; baseline -0.005 -16"><span class='ocrx_word' id='word_1_358' title='bbox 141 3387 186 3452; x_wconf 80' lang='lat' dir='ltr'><strong>lag</strong></span> <span class='ocrx_word' id='word_1_359' title='bbox 203 3400 231 3436; x_wconf 84' lang='lat' dir='ltr'><strong>es</strong></span> <span class='ocrx_word' id='word_1_360' title='bbox 252 3384 335 3448; x_wconf 87' lang='lat' dir='ltr'><strong>nahe,</strong></span> <span class='ocrx_word' id='word_1_361' title='bbox 358 3383 406 3435; x_wconf 87' lang='lat' dir='ltr'><strong>das</strong></span> <span class='ocrx_word' id='word_1_362' title='bbox 427 3382 576 3433; x_wconf 83' lang='lat' dir='ltr'><strong>Bestreben</strong></span> <span class='ocrx_word' id='word_1_363' title='bbox 599 3381 645 3432; x_wconf 81' lang='lat' dir='ltr'><strong>des</strong></span> <span class='ocrx_word' id='word_1_364' title='bbox 665 3380 699 3442; x_wconf 83' lang='lat' dir='ltr'><strong>Q.</strong></span> <span class='ocrx_word' id='word_1_365' title='bbox 754 3380 860 3445; x_wconf 85' lang='lat' dir='ltr'><strong>bieten,</strong></span> <span class='ocrx_word' id='word_1_366' title='bbox 884 3381 974 3434; x_wconf 77' lang='lat' dir='ltr'><strong>wolin</strong></span> <span class='ocrx_word' id='word_1_367' title='bbox 992 3381 1074 3432; x_wconf 88' lang='lat' dir='ltr'><strong>Halm</strong></span> <span class='ocrx_word' id='word_1_368' title='bbox 1092 3381 1140 3433; x_wconf 85' lang='lat' dir='ltr'><strong>das</strong></span> <span class='ocrx_word' id='word_1_369' title='bbox 1161 3379 1315 3447; x_wconf 80' lang='lat' dir='ltr'><strong>gleicblalls</strong></span> 
     </span>
     <span class='ocr_line' id='line_1_42' title="bbox 141 3447 1314 3517; baseline -0.005 -14"><span class='ocrx_word' id='word_1_370' title='bbox 141 3453 211 3504; x_wconf 85' lang='lat' dir='ltr'><strong>blesa</strong></span> <span class='ocrx_word' id='word_1_371' title='bbox 242 3451 306 3503; x_wconf 86' lang='lat' dir='ltr'><strong>oder</strong></span> <span class='ocrx_word' id='word_1_372' title='bbox 339 3449 539 3516; x_wconf 81' lang='lat' dir='ltr'><strong>voraugsweise</strong></span> <span class='ocrx_word' id='word_1_373' title='bbox 575 3449 626 3500; x_wconf 80' lang='lat' dir='ltr'><strong>auf</strong></span> <span class='ocrx_word' id='word_1_374' title='bbox 657 3447 701 3499; x_wconf 88' lang='lat' dir='ltr'><strong>die</strong></span> <span class='ocrx_word' id='word_1_375' title='bbox 757 3449 827 3500; x_wconf 89' lang='lat' dir='ltr'><strong>noch</strong></span> <span class='ocrx_word' id='word_1_376' title='bbox 846 3465 878 3500; x_wconf 80' lang='lat' dir='ltr'><strong>au</strong></span> <span class='ocrx_word' id='word_1_377' title='bbox 901 3448 1089 3501; x_wconf 80' lang='lat' dir='ltr'><strong>unbestinunte</strong></span> <span class='ocrx_word' id='word_1_378' title='bbox 1114 3448 1244 3517; x_wconf 83' lang='lat' dir='ltr'><strong>quaedam</strong></span> <span class='ocrx_word' id='word_1_379' title='bbox 1268 3464 1314 3514; x_wconf 82' lang='lat' dir='ltr'><strong>ge·</strong></span> 
     </span>
     <span class='ocr_line' id='line_1_43' title="bbox 141 3514 1315 3580; baseline -0.007 -8"><span class='ocrx_word' id='word_1_380' title='bbox 141 3517 283 3572; x_wconf 79' lang='lat' dir='ltr'><strong>Schriften</strong></span> <span class='ocrx_word' id='word_1_381' title='bbox 308 3517 355 3569; x_wconf 86' lang='lat' dir='ltr'><strong>dea</strong></span> <span class='ocrx_word' id='word_1_382' title='bbox 378 3519 482 3570; x_wconf 85' lang='lat' dir='ltr'><strong>Seneca</strong></span> <span class='ocrx_word' id='word_1_383' title='bbox 501 3533 535 3568; x_wconf 85' lang='lat' dir='ltr'><strong>zu</strong></span> <span class='ocrx_word' id='word_1_384' title='bbox 559 3515 698 3568; x_wconf 78' lang='lat' dir='ltr'><strong>berichen.</strong></span> <span class='ocrx_word' id='word_1_385' title='bbox 755 3524 837 3580; x_wconf 73' lang='lat' dir='ltr'><strong>uetat,</strong></span> <span class='ocrx_word' id='word_1_386' title='bbox 857 3534 890 3569; x_wconf 82' lang='lat' dir='ltr'><strong>au</strong></span> <span class='ocrx_word' id='word_1_387' title='bbox 925 3514 1315 3568; x_wconf 82' lang='lat' dir='ltr'><strong>arumabernocbsunabin-</strong></span> 
     </span>
     <span class='ocr_line' id='line_1_44' title="bbox 177 3535 1315 3652; baseline -0.006 -14"><span class='ocrx_word' id='word_1_388' title='bbox 177 3591 233 3639; x_wconf 71' lang='lat'>1⁸26.</span> <span class='ocrx_word' id='word_1_389' title='bbox 253 3585 388 3650; x_wconf 75' lang='lat' dir='ltr'><strong>excutere]</strong></span> <span class='ocrx_word' id='word_1_390' title='bbox 406 3601 444 3638; x_wconf 87' lang='lat' dir='ltr'><strong>sc.</strong></span> <span class='ocrx_word' id='word_1_391' title='bbox 463 3601 477 3634; x_wconf 91' lang='lat' dir='ltr'><strong>e</strong></span> <span class='ocrx_word' id='word_1_392' title='bbox 495 3583 618 3637; x_wconf 88' lang='lat' dir='ltr'><strong>manibus</strong></span> <span class='ocrx_word' id='word_1_393' title='bbox 634 3583 700 3636; x_wconf 90' lang='lat' dir='ltr'><strong>adu·</strong></span> <span class='ocrx_word' id='word_1_394' title='bbox 756 3584 889 3652; x_wconf 79' lang='lat' dir='ltr'><strong>zugeldgt</strong></span> <span class='ocrx_word' id='word_1_395' title='bbox 901 3535 959 3648; x_wconf 67' lang='lat' dir='ltr'><strong>iat,</strong></span> <span class='ocrx_word' id='word_1_396' title='bbox 978 3601 1034 3635; x_wconf 87' lang='lat' dir='ltr'><strong>was</strong></span> <span class='ocrx_word' id='word_1_397' title='bbox 1052 3584 1110 3634; x_wconf 87' lang='lat' dir='ltr'><strong>dem</strong></span> <span class='ocrx_word' id='word_1_398' title='bbox 1150 3599 1242 3634; x_wconf 83' lang='lat' dir='ltr'><strong>ravum</strong></span> <span class='ocrx_word' id='word_1_399' title='bbox 1257 3581 1315 3632; x_wconf 88' lang='lat' dir='ltr'><strong>dem</strong></span> 
     </span>
     <span class='ocr_line' id='line_1_45' title="bbox 142 3601 1315 3719; baseline -0.005 -14"><span class='ocrx_word' id='word_1_400' title='bbox 142 3652 309 3706; x_wconf 77' lang='lat' dir='ltr'><strong>lescentiuni.</strong></span> <span class='ocrx_word' id='word_1_401' title='bbox 328 3653 337 3719; x_wconf 84' lang='grc' dir='ltr'><strong>ΙΙ</strong></span> <span class='ocrx_word' id='word_1_402' title='bbox 355 3651 525 3718; x_wconf 77' lang='lat' dir='ltr'><strong>defluebant]</strong></span> <span class='ocrx_word' id='word_1_403' title='bbox 551 3651 700 3718; x_wconf 82' lang='lat' dir='ltr'><strong>degenere·</strong></span> <span class='ocrx_word' id='word_1_404' title='bbox 756 3652 842 3704; x_wconf 87' lang='lat' dir='ltr'><strong>Sinne</strong></span> <span class='ocrx_word' id='word_1_405' title='bbox 868 3651 939 3703; x_wconf 88' lang='lat' dir='ltr'><strong>nach</strong></span> <span class='ocrx_word' id='word_1_406' title='bbox 967 3649 1089 3702; x_wconf 79' lang='lat' dir='ltr'><strong>zienrlicb</strong></span> <span class='ocrx_word' id='word_1_407' title='bbox 1113 3601 1315 3716; x_wconf 77' lang='lat' dir='ltr'><strong>gleichkomrnt.</strong></span> 
     </span>
     <span class='ocr_line' id='line_1_46' title="bbox 143 3715 1316 3783; baseline -0.006 -10"><span class='ocrx_word' id='word_1_408' title='bbox 143 3724 220 3774; x_wconf 85' lang='lat' dir='ltr'><strong>bant.</strong></span> <span class='ocrx_word' id='word_1_409' title='bbox 755 3721 810 3771; x_wconf 89' lang='lat' dir='ltr'><strong>Der</strong></span> <span class='ocrx_word' id='word_1_410' title='bbox 828 3718 974 3782; x_wconf 70' lang='lat' dir='ltr'><strong>Vomnrs,</strong></span> <span class='ocrx_word' id='word_1_411' title='bbox 997 3717 1058 3769; x_wconf 88' lang='lat' dir='ltr'><strong>dass</strong></span> <span class='ocrx_word' id='word_1_412' title='bbox 1077 3718 1182 3768; x_wconf 75' lang='lat' dir='ltr'><strong>seneca</strong></span> <span class='ocrx_word' id='word_1_413' title='bbox 1201 3715 1316 3783; x_wconf 83' lang='lat' dir='ltr'><strong>antiqua</strong></span> 
     </span>
     <span class='ocr_line' id='line_1_47' title="bbox 176 3781 1318 3858; baseline -0.006 -17"><span class='ocrx_word' id='word_1_414' title='bbox 176 3793 233 3844; x_wconf 73' lang='lat'><strong>127.</strong></span> <span class='ocrx_word' id='word_1_415' title='bbox 259 3790 332 3854; x_wconf 75' lang='lat' dir='ltr'><strong>soret</strong></span> <span class='ocrx_word' id='word_1_416' title='bbox 354 3788 426 3838; x_wconf 76' lang='lat' dir='ltr'><strong>enirn</strong></span> <span class='ocrx_word' id='word_1_417' title='bbox 452 3786 699 3858; x_wconf 78' lang='lat' dir='ltr'><strong>optandum...]</strong></span> <span class='ocrx_word' id='word_1_418' title='bbox 756 3785 900 3838; x_wconf 81' lang='lat' dir='ltr'><strong>veracbtet</strong></span> <span class='ocrx_word' id='word_1_419' title='bbox 918 3785 1000 3851; x_wconf 87' lang='lat' dir='ltr'><strong>habe,</strong></span> <span class='ocrx_word' id='word_1_420' title='bbox 1028 3783 1133 3836; x_wconf 84' lang='lat' dir='ltr'><strong>stimmt</strong></span> <span class='ocrx_word' id='word_1_421' title='bbox 1154 3800 1242 3850; x_wconf 81' lang='lat' dir='ltr'><strong>genau</strong></span> <span class='ocrx_word' id='word_1_422' title='bbox 1268 3781 1318 3835; x_wconf 84' lang='lat' dir='ltr'><strong>mit</strong></span> 
     </span>
     <span class='ocr_line' id='line_1_48' title="bbox 142 3851 1317 3926; baseline -0.006 -18"><span class='ocrx_word' id='word_1_423' title='bbox 142 3855 241 3908; x_wconf 85' lang='lat' dir='ltr'><strong>Grund</strong></span> <span class='ocrx_word' id='word_1_424' title='bbox 263 3854 312 3906; x_wconf 88' lang='lat' dir='ltr'><strong>der</strong></span> <span class='ocrx_word' id='word_1_425' title='bbox 330 3854 359 3905; x_wconf 89' lang='lat' dir='ltr'><strong>in</strong></span> <span class='ocrx_word' id='word_1_426' title='bbox 382 3853 439 3904; x_wconf 86' lang='lat' dir='ltr'><strong>dem</strong></span> <span class='ocrx_word' id='word_1_427' title='bbox 458 3852 701 3919; x_wconf 82' lang='lat' dir='ltr'><strong>vorhergehenden</strong></span> <span class='ocrx_word' id='word_1_428' title='bbox 758 3861 784 3926; x_wconf 72' lang='lat' dir='ltr'><strong>S.</strong></span> <span class='ocrx_word' id='word_1_429' title='bbox 802 3858 866 3917; x_wconf 72' lang='lat'><strong>126,</strong></span> <span class='ocrx_word' id='word_1_430' title='bbox 894 3869 937 3904; x_wconf 87' lang='lat' dir='ltr'><strong>wo</strong></span> <span class='ocrx_word' id='word_1_431' title='bbox 959 3868 987 3903; x_wconf 84' lang='lat' dir='ltr'><strong>es</strong></span> <span class='ocrx_word' id='word_1_432' title='bbox 1005 3869 1058 3904; x_wconf 89' lang='lat' dir='ltr'><strong>von</strong></span> <span class='ocrx_word' id='word_1_433' title='bbox 1084 3851 1140 3902; x_wconf 86' lang='lat' dir='ltr'><strong>ihm</strong></span> <span class='ocrx_word' id='word_1_434' title='bbox 1158 3851 1256 3902; x_wconf 80' lang='lat' dir='ltr'><strong>heisst:</strong></span> <span class='ocrx_word' id='word_1_435' title='bbox 1284 3851 1317 3903; x_wconf 92' lang='lat' dir='ltr'><strong>ab</strong></span> 
     </span>
     <span class='ocr_line' id='line_1_49' title="bbox 141 3917 1318 4014; baseline -0.006 -39"><span class='ocrx_word' id='word_1_436' title='bbox 141 3924 300 3976; x_wconf 85' lang='lat' dir='ltr'><strong>defluebant</strong></span> <span class='ocrx_word' id='word_1_437' title='bbox 329 3920 471 3987; x_wconf 83' lang='lat' dir='ltr'><strong>liegenden</strong></span> <span class='ocrx_word' id='word_1_438' title='bbox 499 3919 703 4014; x_wconf 68' lang='lat' dir='ltr'><strong>Miesbilligung</strong></span> <span class='ocrx_word' id='word_1_439' title='bbox 760 3920 884 3989; x_wconf 64' lang='lat' dir='ltr'><strong>antiquie</strong></span> <span class='ocrx_word' id='word_1_440' title='bbox 910 3917 1095 3972; x_wconf 81' lang='lat' dir='ltr'><strong>descenderat.</strong></span> <span class='ocrx_word' id='word_1_441' title='bbox 1129 3918 1185 3970; x_wconf 84' lang='lat' dir='ltr'><strong>Des</strong></span> <span class='ocrx_word' id='word_1_442' title='bbox 1204 3935 1318 3985; x_wconf 83' lang='lat' dir='ltr'><strong>pravum</strong></span> 
     </span>
     <span class='ocr_line' id='line_1_50' title="bbox 141 3985 1320 4070; baseline -0.008 -26"><span class='ocrx_word' id='word_1_443' title='bbox 141 3991 190 4044; x_wconf 91' lang='lat' dir='ltr'><strong>der</strong></span> <span class='ocrx_word' id='word_1_444' title='bbox 213 3989 363 4042; x_wconf 86' lang='lat' dir='ltr'><strong>Liebhaber</strong></span> <span class='ocrx_word' id='word_1_445' title='bbox 385 3987 432 4039; x_wconf 85' lang='lat' dir='ltr'><strong>des</strong></span> <span class='ocrx_word' id='word_1_446' title='bbox 455 3989 573 4053; x_wconf 84' lang='lat' dir='ltr'><strong>Seneca,</strong></span> <span class='ocrx_word' id='word_1_447' title='bbox 599 3993 687 4070; x_wconf 60' lang='lat' dir='ltr'><strong>weloh</strong></span> <span class='ocrx_word' id='word_1_448' title='bbox 764 4002 812 4069; x_wconf 62' lang='lat' dir='ltr'><strong>(c-</strong></span> <span class='ocrx_word' id='word_1_449' title='bbox 830 3993 1007 4056; x_wconf 71' lang='lat' dir='ltr'><strong>corruptumz</strong></span> <span class='ocrx_word' id='word_1_450' title='bbox 1025 4005 1045 4040; x_wconf 90' lang='lat' dir='ltr'><strong>s.</strong></span> <span class='ocrx_word' id='word_1_451' title='bbox 1056 3986 1097 4049; x_wconf 86' lang='lat' dir='ltr'><strong>ll,</strong></span> <span class='ocrx_word' id='word_1_452' title='bbox 1115 3989 1142 4047; x_wconf 77' lang='lat'><strong>5,</strong></span> <span class='ocrx_word' id='word_1_453' title='bbox 1153 3986 1196 4051; x_wconf 81' lang='lat'><strong>10)</strong></span> <span class='ocrx_word' id='word_1_454' title='bbox 1209 3986 1246 4036; x_wconf 82' lang='lat' dir='ltr'><strong>ist</strong></span> <span class='ocrx_word' id='word_1_455' title='bbox 1258 3985 1320 4036; x_wconf 85' lang='lat' dir='ltr'><strong>aber</strong></span> 
     </span>
     <span class='ocr_line' id='line_1_51' title="bbox 141 4053 1322 4142; baseline -0.007 -32"><span class='ocrx_word' id='word_1_456' title='bbox 141 4059 195 4111; x_wconf 85' lang='lat' dir='ltr'><strong>ilnn</strong></span> <span class='ocrx_word' id='word_1_457' title='bbox 215 4056 378 4126; x_wconf 80' lang='lat' dir='ltr'><strong>gleiebwohl</strong></span> <span class='ocrx_word' id='word_1_458' title='bbox 398 4055 474 4108; x_wconf 83' lang='lat' dir='ltr'><strong>nicht</strong></span> <span class='ocrx_word' id='word_1_459' title='bbox 496 4053 669 4142; x_wconf 58' lang='lat' dir='ltr'><strong>nachzuahn,</strong></span> <span class='ocrx_word' id='word_1_460' title='bbox 758 4072 820 4130; x_wconf 55' lang='lat' dir='ltr'><strong>-das</strong></span> <span class='ocrx_word' id='word_1_461' title='bbox 849 4053 1022 4124; x_wconf 80' lang='lat' dir='ltr'><strong>Gegentheil</strong></span> <span class='ocrx_word' id='word_1_462' title='bbox 1050 4071 1103 4105; x_wconf 76' lang='lat' dir='ltr'><strong>von</strong></span> <span class='ocrx_word' id='word_1_463' title='bbox 1132 4053 1189 4104; x_wconf 83' lang='lat' dir='ltr'><strong>dem</strong></span> <span class='ocrx_word' id='word_1_464' title='bbox 1218 4060 1322 4103; x_wconf 77' lang='lat' dir='ltr'><strong>rectum</strong></span> 
     </span>
     <span class='ocr_line' id='line_1_52' title="bbox 141 4114 1326 4201; baseline -0.009 -23"><span class='ocrx_word' id='word_1_465' title='bbox 141 4126 267 4178; x_wconf 85' lang='lat' dir='ltr'><strong>suchten.</strong></span> <span class='ocrx_word' id='word_1_466' title='bbox 688 4114 707 4188; x_wconf 68' lang='lat' dir='ltr'><strong>ll</strong></span> <span class='ocrx_word' id='word_1_467' title='bbox 773 4123 884 4201; x_wconf 60' lang='lat' dir='ltr'><strong>dicendi</strong></span> <span class='ocrx_word' id='word_1_468' title='bbox 914 4140 1003 4194; x_wconf 78' lang='lat' dir='ltr'><strong>genus</strong></span> <span class='ocrx_word' id='word_1_469' title='bbox 1030 4124 1059 4191; x_wconf 64' lang='lat' dir='ltr'><strong>ts.</strong></span> <span class='ocrx_word' id='word_1_470' title='bbox 1085 4137 1118 4172; x_wconf 83' lang='lat' dir='ltr'><strong>au</strong></span> <span class='ocrx_word' id='word_1_471' title='bbox 1145 4123 1170 4184; x_wconf 69' lang='lat' dir='ltr'><strong>S.</strong></span> <span class='ocrx_word' id='word_1_472' title='bbox 1188 4123 1241 4183; x_wconf 68' lang='lat'><strong>44),</strong></span> <span class='ocrx_word' id='word_1_473' title='bbox 1269 4118 1326 4169; x_wconf 85' lang='lat' dir='ltr'><strong>und</strong></span> 
     </span>
    </p>
   </div>
   <div class='ocr_carea' id='block_1_9' title="bbox 1273 1 1461 100">
    <p class='ocr_par' dir='ltr' id='par_1_9' title="bbox 1273 0 1461 100">
     <span class='ocr_line' id='line_1_53' title="bbox 1350 1 1461 28; baseline 0 0"><span class='ocrx_word' id='word_1_474' title='bbox 1350 1 1461 28; x_wconf 59' lang='lat'><strong>&#39;¹1</strong></span> 
     </span>
     <span class='ocr_line' id='line_1_54' title="bbox 1273 51 1449 100; baseline -0.006 -10"><span class='ocrx_word' id='word_1_475' title='bbox 1273 51 1449 100; x_wconf 62' lang='lat'><strong>„</strong></span> 
     </span>
    </p>
   </div>
   <div class='ocr_carea' id='block_1_10' title="bbox 0 0 1523 4882">
    <p class='ocr_par' dir='ltr' id='par_1_10' title="bbox 0 0 1523 4882">
     <span class='ocr_line' id='line_1_55' title="bbox 0 0 1523 4882; baseline 0 0"><span class='ocrx_word' id='word_1_476' title='bbox 0 0 1523 4882; x_wconf 95' lang='lat' dir='ltr'><strong> </strong></span> 
     </span>
    </p>
   </div>
  </div>
 </body>
</html>
