3028 4882
547 228 665 282 CAPUT
684 231 731 296 Ill,
750 235 864 284 30—33.
1251 232 1293 296 59
1364 281 1366 288 ,

121 391 388 474 existimarim,
427 411 552 474 semper
584 392 645 455 erit
675 396 808 475 propter
841 392 926 477 quod
959 394 1054 458 uobis
1085 394 1298 478 ignoscamus.

125 502 224 565 quare
252 480 285 543 in
312 480 421 563 turba,
452 480 579 561 itinere,
607 480 761 544 conviviis
789 481 887 544 etiam
918 482 1017 546 faciat
1050 482 1111 547 sibi
1143 484 1296 568 cogitatio
1310 505 1344 554 30

125 571 196 653 ipsa
220 571 385 633 secretum.
427 568 504 653 quid
528 568 648 652 alioqui
676 569 744 653 fiet,
772 591 845 633 cum
868 570 902 633 in
925 570 1029 635 medio
1053 571 1138 655 foro,
1166 575 1216 636 tot
1240 572 1297 637 cir·

126 657 363 722 cumstantibus
385 656 526 739 iudiciis,
554 657 681 742 iurgiis,
709 657 850 722 fortuitis
874 659 972 723 etiarn
1001 659 1210 744 clamoribus,
1238 662 1299 726 erit

125 747 233 811 subito
261 746 415 810 continua
443 745 588 810 oratione
615 746 797 828 dicendum,
829 748 857 812 si
888 748 1077 831 particulas,
1109 771 1189 832 quas
1218 751 1298 814 ceris

124 835 328 918 mandamus,
350 833 413 897 nisi
435 835 471 898 in
493 835 665 899 solitudine
688 836 827 919 reperire
850 857 915 900 non
937 838 1131 921 possumus?
1166 841 1298 922 propter

125 946 208 1008 quae
230 924 316 987 idem
334 923 401 990 'ille
433 927 544 987 tantus
573 928 698 988 amator
726 923 841 989 secreti
867 923 1103 990 Demosthenes
1131 926 1166 990 in
1194 927 1298 1011 litore,

124 1015 160 1077 in
183 1034 246 1099 quo
270 1034 304 1076 se
328 1012 466 1076 maximo
495 1035 567 1076 cum
596 1034 675 1077 sono
704 1012 819 1076 fluctus
847 1013 1010 1097 inlideret,
1037 1014 1195 1078 meditans
1224 1037 1297 1080 con·

124 1102 293 1166 suescebat
316 1100 503 1165 contionum
527 1101 674 1165 fremitus
697 1123 765 1165 non
788 1123 1005 1184 expavescere.

212 1189 273 1254 Illa
296 1210 422 1275 quoque
445 1191 571 1254 minora
595 1187 665 1274 (sed
688 1189 770 1253 nihil
793 1190 828 1254 in
846 1190 960 1256 studiis
984 1214 1119 1276 parvum
1143 1192 1206 1276 est)
1229 1214 1295 1258 non
1309 1201 1341 1250 31

123 1283 202 1344 sunt
228 1278 440 1343 transeunda:
472 1279 568 1343 scribi
597 1278 717 1363 optime
744 1279 838 1362 ocris,
869 1279 905 1343 in
928 1280 1044 1363 quibus
1066 1280 1220 1344 facillima
1249 1284 1298 1345 est

124 1369 208 1432 ratio
232 1367 372 1451 delendi,
401 1367 465 1430 nisi
492 1367 576 1431 forte
605 1368 693 1431 visus
721 1367 879 1432 infirmior
901 1369 1162 1433 membranarum
1189 1370 1297 1452 potius

124 1479 219 1522 usum
234 1457 354 1540 exiget,
377 1477 457 1540 quae
472 1459 509 1518 ut
531 1457 644 1519 iuvant
667 1456 784 1540 aciem,
807 1457 853 1520 ita
867 1458 978 1521 crebra
1000 1457 1169 1541 relatione,
1193 1459 1298 1542 quoad

123 1547 332 1630 intinguntur
356 1545 483 1628 calami,
510 1548 678 1609 morantur
701 1567 833 1610 manum
857 1549 889 1609 et
912 1547 1118 1630 cogitationis
1141 1547 1297 1630 impetum

123 1636 289 1719 frangunt.
323 1632 553 1716 relinquendae
577 1637 685 1697 autem
708 1634 743 1696 in
757 1634 911 1697 utrolibet
934 1655 1051 1718 genere
1075 1639 1188 1699 contra
1203 1640 1342 1708 eruntas

125 1744 244 1788 vacuae
267 1723 419 1804 tabellae,
446 1721 481 1784 in
505 1721 621 1805 quibus
645 1722 746 1785 libera
769 1722 935 1786 adiciendo
962 1723 1004 1786 sit
1027 1723 1180 1787 excursio.
1221 1745 1297 1788 nam

124 1812 255 1876 interim
282 1810 448 1894 pigritiam
476 1810 667 1874 emendandi
695 1810 865 1895 angustiae
892 1811 1017 1875 faciunt
1044 1815 1101 1875 aut
1128 1815 1212 1876 certe
1240 1834 1298 1876 no-

124 1923 237 1965 vorum
260 1899 506 1982 interpositione
530 1899 638 1982 priora
655 1899 862 1963 confundant.
899 1921 940 1962 ne
963 1900 1045 1963 latas
1069 1900 1198 1983 quidem
1211 1902 1297 1965 ultra

125 1989 256 2054 modum
280 2009 350 2052 esse
373 2009 462 2051 ceras
485 1988 595 2070 velim,
623 1991 771 2072 expertus
799 1988 947 2052 iuvenem
975 1988 1154 2053 studiosum
1177 1990 1298 2074 alioqui

124 2079 319 2162 praelongos
341 2076 493 2142 habuisse
518 2098 696 2160 sermones,
720 2076 891 2161 quia'illos
904 2099 1038 2142 numero
1060 2099 1211 2142 versuum
1234 2101 1298 2142 me-

124 2167 274 2249 tiebatur,
296 2165 392 2249 idque
415 2165 537 2248 vitium,
561 2166 645 2249 quod
669 2165 830 2248 frequenti
849 2166 1067 2230 admonitione
1091 2167 1208 2250 corrigi
1231 2189 1299 2232 non

124 2258 288 2340 potuerat,
312 2255 445 2318 mutatis
468 2255 631 2318 codicibus
646 2275 714 2317 esse
738 2254 909 2318 sublatum.
947 2254 1042 2318 debet
1064 2277 1177 2319 vacare
1200 2256 1298 2320 etiarn
1310 2269 1343 2318 33

125 2345 229 2427 locus,
250 2344 286 2406 in
309 2364 372 2426 quo
396 2346 549 2406 notentur
573 2364 654 2428 quae
677 2343 891 2407 scribentibus
906 2344 1011 2408 solent
1033 2347 1123 2408 extra
1146 2343 1299 2427 ordinem,

125 2519 176 2571 fut.
201 2535 240 2570 ex.
262 2515 306 2569 bei
328 2515 398 2568 velle
423 2515 478 2568 und
516 2533 575 2568 osse
592 2535 612 2569 s.
631 2517 680 2568 Kr.
739 2517 816 2568 nicht
842 2517 870 2568 in
899 2534 995 2584 parurn
1024 2518 1165 2570 euthalten
1193 2519 1239 2585 ist,
1264 2519 1299 2570 ds

126 2589 176 2638 Gr.
204 2589 228 2649 S.
250 2588 311 2650 449,
335 2585 414 2636 nnn.
439 2591 463 2636 ⁶2.
516 2625 519 2634 .
543 2588 568 2649 s.
592 2589 649 2637 510.
670 2584 682 2651 ΙΙ
738 2583 822 2637 dieses
849 2584 979 2636 vielrnehr
1000 2585 1051 2636 deu
1071 2588 1226 2652 Gegeneatz
1245 2604 1298 2638 von

126 2655 240 2706 nonnisi
268 2670 290 2707 s.
310 2669 344 2704 zu
366 2657 388 2717 1,
406 2657 446 2705 ιθ.
738 2652 805 2704 satis
825 2651 879 2704 und
899 2648 1010 2704 nimium
1029 2652 1122 2706 bilder.
1136 2654 1146 2720 ΙΙ
1160 2656 1233 2706 ratio
1251 2656 1299 2707 de-

159 2727 199 2775 30.
218 2717 338 2792 eisqui]
357 2737 377 2774 s.
399 2736 432 2772 sn
451 2723 476 2785 s.
497 2723 521 2775 7.
544 2719 555 2787 ss
572 2727 613 2770 tot
631 2719 684 2771 oir-
739 2715 827 2788 tendi]
851 2736 905 2772 nur
927 2719 988 2771 eine
1011 2720 1230 2788 Urusehreibung
1251 2721 1298 2774 dee

123 2789 329 2842 cunctantibus
347 2785 474 2858 iudiciis]
495 2787 523 2838 in
542 2788 618 2838 efner
630 2787 684 2839 Ba·
738 2787 964 2840 substantivirten
983 2786 1135 2840 Infinitive:
1159 2788 1208 2841 dne
1226 2790 1298 2843 Aus-

125 2857 203 2914 silics
229 2855 343 2908 wurdeu
370 2855 543 2922 gewdhnlieh
572 2854 683 2922 (Quint.
739 2855 892 2919 strsicheu3
923 2871 945 2906 s.
977 2872 1001 2906 o.
1028 2871 1062 2906 zu
1095 2859 1120 2920 s.
1148 2860 1174 2911 ὅ.
1202 2856 1213 2923 ΙΙ
1242 2857 1300 2908 nisi

126 2923 191 2990 XII,
204 2928 227 2987 5,
239 2926 266 2987 6)
280 2923 337 2974 vier
349 2922 540 2974 verschiedene
554 2923 685 2975 Gerichte
739 2919 824 2992 forte]
852 2923 911 2974 hier
939 2921 1016 2975 nicht
1041 2923 1173 2989 ironisch,
1199 2942 1228 2978 so
1248 2923 1300 2976 wie

126 2992 213 3044 nebcn
231 2990 364 3042 einander
380 2990 516 3057 gahaiten.
542 2990 552 3058 ΙΙ
582 2986 686 3060 autito]
741 3008 765 3042 r.
796 2990 832 3060 Β,
859 2997 882 3048 1,
913 2995 959 3050 7ος
991 2995 1016 3056 2,
1046 2993 1077 3054 8;
1108 2995 1139 3056 5,
1173 2995 1196 3048 6,
1228 2997 1252 3046 7.
1285 2993 1297 3060 ΙΙ

124 3065 363 3127 =e1terupore;
383 3058 499 3121 cf.6,5;
519 3057 685 3126 urucas
740 3056 841 3130 αἱρεῖ]
868 3059 915 3111 der
942 3057 1001 3110 Ind.
1029 3058 1080 3114 fut.
1110 3058 1230 3128 (snstatt
1251 3059 1298 3112 des

126 3129 209 3179 tinus
227 3131 355 3178 oratione
386 3125 430 3176 die
451 3141 540 3192 ganas
559 3125 634 3176 Rede
656 3126 685 3176 iu
740 3135 819 3179 soust
845 3125 1051 3194 gewdhulichen
1080 3127 1161 3194 Conj.
1191 3127 1298 3192 Praee.)

124 3194 211 3246 einen
239 3194 326 3262 Zuge.
395 3189 545 3312 meditaret}
571 3194 606 3244 irn
632 3193 684 3244 Re·
740 3194 810 3246 auch
823 3194 854 3256 V,
873 3199 899 3257 2,
916 3198 946 3244 2:
966 3193 1132 3246 refelluntur
1145 3193 1299 3263 (praeiudi-

126 3261 177 3314 deu
204 3261 263 3314 sich
290 3260 389 3314 fibend.
429 3260 491 3326 Vgl.
546 3260 578 3311 ic.
607 3260 685 3312 Brut.
741 3261 797 3324 cis)
817 3277 880 3312 raro
898 3277 947 3330 per
959 3260 1150 3314 contumeliam
1166 3262 1326 3328 iudicum,'

125 3335 168 3394 88,
182 3333 246 3383 302ι
265 3327 456 3394 (Hortensius)
472 3327 575 3380 nullum
595 3326 684 3396 patio·
740 3328 794 3380 nisi
820 3329 892 3380 forte
920 3327 1066 3380 manifesta
1097 3327 1125 3380 in
1156 3329 1189 3381 iis
1216 3328 1300 3398 culpa

126 3399 209 3450 batur
235 3413 291 3448 esse
317 3395 394 3448 diem.
422 3395 487 3463 quin
508 3403 557 3447 sut
579 3395 686 3446 infore
739 3395 801 3448 erit.
816 3395 826 3462 ΙΙ
840 3392 1197 3466 relatione]=reductione‚
1212 3396 1298 3448 durch

125 3465 229 3517 diceret
255 3472 304 3516 aut
331 3463 509 3516 meditaretur
539 3469 616 3515 extra
644 3462 686 3514 fo·
740 3462 788 3516 dae
826 3462 1052 3526 Zurficlrriehen3
1089 3481 1140 3516 nur
1175 3464 1234 3517 hier
1269 3464 1298 3516 in

127 3551 195 3585 rum.
232 3531 273 3584 Id.
292 3532 406 3586 decrat.
427 3536 452 3596 1,
469 3536 511 3584 61.
531 3535 596 3584 26οι
616 3529 685 3598 (Βο-
740 3530 828 3583 dieser
837 3530 860 3583 ei
881 3531 1020 3583 eutlichen
1032 3531 1205 3599 Bedeutung,
1217 3549 1298 3584 wenu

127 3601 289 3666 mosthenes)
308 3599 424 3669 perfecit
454 3598 623 3662 meditando,
654 3605 685 3650 ut
741 3597 839 3651 anders
857 3547 901 3651 die
919 3597 977 3651 LA.
996 3598 1100 3666 richtig
1118 3599 1163 3654 ist.

127 3685 206 3720 nemo
227 3667 339 3736 planius
362 3685 420 3719 esse
442 3666 552 3720 locutus
571 3674 685 3735 pntsre-
773 3671 816 3719 32.
840 3669 870 3719 s'rr
894 3668 1025 3719 utrolibet
1046 3663 1157 3738 ponere]
1175 3685 1196 3722 s.
1216 3684 1251 3719 sn
1270 3670 1296 3732 s.

128 3747 182 3792 tur,
207 3735 217 3802 ΙΙ
237 3736 397 3788 contionum
414 3738 544 3800 fremitus
562 3753 617 3787 nun
637 3752 684 3786 ea·
739 3737 780 3788 26.
793 3735 804 3802 11
816 3731 934 3805 saeuae]
953 3734 1114 3804 pridianus,
1134 3751 1167 3786 ru
1186 3734 1298 3787 verbin-

91 3798 619 3923 -tttttttltttftdtin.tt
628 3803 684 3921 ti·
738 3802 1300 3939 tt““'³‘¹.t¹{tt¹tt‘¹ttt'ttbittit·

127 3938 221 3991 mitum
241 3937 415 3991 adsuesceret
434 3953 501 3989 voca
519 3937 636 3988 vincere.
738 3937 865 4004 figenda
903 3937 1012 3989 Ardere
1025 3936 1084 3990 LA.
1102 3935 1140 3989 ist
1157 3936 1295 3994 adicienti.

160 4011 201 4060 31.
225 4024 344 4087 parcum
381 4004 480 4056 andere
499 4003 558 4056 LA.
577 4020 684 4074 parum,
739 4005 834 4058 Freier
851 4003 1005 4073 Spislrsnm
1030 4021 1090 4056 auur
1109 4004 1296 4072 Hinrnfdgen.

127 4090 184 4127 was
207 4073 284 4126 urcht
307 4072 347 4125 ric
368 4071 610 4155 tigomituminora
633 4087 682 4124 au·
738 4074 755 4192 q
780 4068 970 4142 confundunt]
997 4072 1025 4124 in
1053 4071 1219 4141 potentialer
1247 4073 1298 4126 Be·

126 4141 357 4262 dimlllseddesdidit
379 4158 439 4261 iiii
459 4139 685 4261 ‹hiridmihhlid
757 4149 907 4278 quunlg).ci]
933 4207 1053 4274 gemeint
1078 4206 1139 4260 siud
1167 4208 1210 4260 die
1235 4226 1298 4263 ver-

128 4276 252 4344 liegende
278 4275 385 4344 Begriff
408 4277 454 4329 des
482 4273 604 4342 sveniger
633 4274 687 4326 Be·
740 4274 1016 4327 schiedeuen.Thsile
1034 4276 1082 4328 der
1101 4275 1183 4329 Rede.
1204 4276 1214 4343 ΙΙ
1235 4295 1298 4330 sen·

126 4345 281 4398 deuteudeu
304 4346 395 4412 uegirt
420 4344 542 4410 werden,
569 4341 688 4396 welches·
741 4341 803 4414 sus]
826 4366 859 4387 =
884 4343 1049 4407 antennae
1072 4345 1109 4397 cf.
1130 4343 1205 4406 VIII,
1224 4349 1248 4410 5,
1268 4350 1296 4397 2:
