3028 4882
574 231 692 288 olrur
711 235 731 302 1,
752 237 864 289 17-19.
1292 235 1315 300 9

144 395 199 478 qui
228 394 305 458 dicit
332 395 447 479 spiritu
474 387 555 479 ipso,
583 417 642 460 neo
665 396 807 480 imagine
832 395 983 476 [ambitu]
1006 418 1122 479 rerum,
1142 396 1197 460 sed
1219 398 1316 461 rebus

143 483 295 546 incendit.
341 484 456 548 vivunt
479 484 586 547 omnia
610 484 695 548 enim
718 488 751 548 et
773 486 951 566 moventur,
975 485 1212 569 excipimusque
1230 507 1316 550 nova

142 571 199 634 illa
226 572 314 634 velut
341 571 509 636 nascentia
538 593 612 636 cum
638 571 749 636 favore
773 595 810 636 ac
833 571 1056 636 sollicitudine.
1101 595 1161 636 neo
1183 573 1315 638 fortuna

144 659 241 724 modo
265 659 383 743 iudicii,
407 661 462 723 scd
486 661 584 724 etiam
606 659 751 744 ipsorum
774 660 829 746 qui
857 665 952 725 orant
974 661 1115 745 periculo
1140 661 1314 726 adficimur.

145 750 273 830 praeter
300 747 380 812 haec
407 771 483 832 vox,
507 749 590 814 actio
619 749 747 831 decora,
770 748 983 834 commodata,
1009 749 1202 833 utquisque
1226 751 1360 814 locuslr

140 836 333 920 postulabit,
359 836 593 920 pronuntiandi
631 841 681 901 vel
704 837 931 920 potentissima
952 838 988 900 in
1011 837 1145 901 dicendo
1168 837 1251 902 ratio
1276 841 1316 920 et,

141 928 178 988 ut
201 927 299 989 semel
323 925 435 1006 dicam,
458 927 580 1009 pariter
595 927 703 990 omnia
722 925 847 990 docent.
892 926 927 988 iu
941 926 1079 990 lectione
1095 926 1212 989 certius
1235 926 1315 990 iudi-

143 1013 237 1096 cium,
261 1013 347 1096 quod
370 1014 513 1077 audienti
535 1014 721 1098 frequenter
745 1018 801 1078 aut
825 1036 902 1078 suus
930 1014 1044 1097 cuique
1067 1014 1161 1078 favor
1183 1017 1240 1078 aut
1262 1014 1316 1078 ille

142 1101 344 1166 laudantium
368 1103 489 1166 clamor
519 1106 694 1187 extorquet.
739 1102 840 1186 pudet
862 1101 949 1165 enim
971 1102 1150 1186 dissentire,
1173 1105 1207 1166 et
1229 1103 1373 1190 velutls-

143 1190 243 1254 tacita
272 1190 410 1275 quadam
438 1190 629 1255 verecundia
655 1190 841 1254 inhibemur
869 1191 942 1274 plus
965 1191 1060 1255 nobis
1083 1191 1219 1271 credere,
1243 1212 1316 1254 cum

140 1278 271 1344 interim
299 1284 331 1364 et
357 1280 475 1344 vitiosa
501 1279 647 1363 pluribus
674 1280 813 1364 placent,
836 1283 869 1343 ct
891 1302 911 1343 a
933 1279 1119 1364 conrogatis
1142 1278 1317 1344 laudantur

141 1369 240 1432 ctiam
273 1389 354 1454 quae
383 1389 450 1432 non
481 1369 620 1452 placent.
666 1368 721 1432 sed
754 1368 950 1432 contrarium
983 1389 1109 1454 quoquc
1132 1368 1257 1451 accidit,
1279 1370 1317 1430 ut
1326 1383 1363 1434 19

144 1457 266 1541 optime
290 1456 383 1520 dictis
407 1457 545 1540 gratiam
567 1479 669 1540 prava
691 1456 809 1520 iudicia
831 1456 1061 1521 nonrcferant.
1105 1456 1200 1521 lectio
1215 1457 1317 1520 libera

144 1549 194 1609 est
220 1565 280 1609 nec
311 1549 347 1608 111
375 1545 512 1609 actionis
540 1546 680 1627 impetus
708 1545 914 1630 transcurrit,
943 1545 999 1609 scd
1021 1547 1165 1628 repetere
1189 1545 1319 1628 saepius

142 1635 228 1718 licet,
254 1633 320 1698 sive
346 1633 472 1697 dubites
497 1634 562 1697 sive
586 1634 759 1697 memoriae
782 1635 912 1716 penitus
933 1634 1072 1718 adfigere
1095 1633 1182 1697 velis.
1227 1654 1317 1716 repe·

144 1791 232 1858 triga,
252 1807 308 1841 was
326 1789 372 1841 fiir
390 1789 493 1841 welche
510 1788 554 1840 die
565 1788 704 1840 Lectirrei

146 1857 159 1925 11
179 1858 284 1924 spiritu
302 1856 383 1974 ipnol¹
396 1856 481 1908 sehon
494 1855 581 1908 durch
598 1857 648 1907 den
663 1855 703 1908 le-

109 1955 113 1962 ι
141 1923 364 1990 hendigenHauc
386 1947 446 1992 ,=
463 1923 527 1976 viva
546 1940 620 1976 voce.
641 1923 701 1989 Vgl.

141 1993 182 2055 ΙΙ,
205 1997 229 2052 2,
253 1995 280 2043 8:
307 1992 372 2043 oica
395 1991 453 2055 illa,
473 1999 504 2042 nt
522 1991 630 2051 dicitnr,
650 2008 702 2042 vox

141 2060 192 2112 alit
209 2059 319 2128 plenius
337 2060 429 2127 (quam
450 2061 590 2139 exempla).
626 2058 699 2114 Plin.

141 2131 338 2257 11113131
347 2126 604 2250 'ititifi‘iidm'oit
619 2125 700 2245 tuidi

140 2267 182 2328 37,
207 2267 269 2314 130:
297 2271 392 2313 carent
424 2261 487 2313 libri
513 2263 617 2326 spiritu
640 2261 697 2324 illo,

140 2337 255 2398 propter
285 2345 362 2396 quem
393 2329 495 2382 maiora
525 2328 616 2380 eadem
652 2327 699 2379 illa

142 2413 203 2448 cum
226 2405 362 2462 aguntur,
385 2413 465 2463 quarn
484 2413 544 2448 curn
562 2395 699 2462 leguntur,

142 2462 230 2516 videri
251 2463 348 2515 solent.
370 2463 380 2530 ΙΙ
401 2481 475 2514 nova
497 2463 560 2530 illu]
580 2481 635 2514 was
652 2479 700 2529 ge-

140 2529 276 2600 sproohen
304 2529 387 2594 wird;
416 2531 487 2582 denn
516 2547 571 2582 was
595 2530 700 2581 nieder-

142 2597 318 2666 geschrieben
337 2615 386 2650 vor
405 2615 454 2650 uns
473 2597 548 2664 liegt,
568 2597 699 2649 istschon

143 2666 379 2734 genissermassen
403 2665 480 2717 nicht
502 2665 577 2717 mehr
601 2681 662 2716 neu.
687 2662 700 2730 ,Ι

142 2753 202 2785 oum
220 2736 318 2798 sonore
336 2753 369 2785 ac
387 2732 587 2799 sollicitudine]
605 2732 701 2783 Theil-

143 2801 241 2852 nahme
278 2800 335 2852 und
365 2801 500 2867 unruhige
536 2803 700 2870 Spannung.

140 2869 261 2920 Woraut
275 2868 332 2919 sich
349 2867 420 2919 diese
434 2867 702 2920 Gemithszustiinde

140 2935 281 2997 beziehen
300 2936 406 3001 ergiebt
422 2936 480 2987 sich
498 2951 545 2987 aus
563 2935 623 2986 dein
635 2933 700 2986 Fol-

142 3003 257 3070 genden.
274 3002 284 3069 ll
301 3005 426 3069 ipsorum
443 3004 491 3070 qui
510 3011 601 3064 orant,
626 3003 700 3068 peri·

143 3071 215 3137 culo]
239 3069 326 3121 worin
344 3071 452 3122 besteht
469 3069 541 3122 diese
558 3070 683 3123 Getahr‘l

179 3209 218 3256 17.
237 3206 309 3256 aetio
328 3205 439 3272 decora]
461 3223 490 3257 so
511 3205 563 3264 ,wie
575 3210 598 3268 7,
611 3210 627 3257 9
640 3223 701 3269 vox,

144 3271 346 3340 pronuntiatio,
376 3280 469 3338 gestus
497 3289 700 3338 zusammenge-

140 3339 217 3391 stellt
239 3339 364 3404 werden,
388 3357 417 3391 so
441 3339 504 3390 tritt
523 3338 581 3389 hier
604 3356 639 3389 an
658 3339 701 3389 die

140 3406 227 3459 Stella
249 3423 301 3459 von
325 3415 419 3473 pestus
442 3407 470 3456 in
489 3405 628 3458 derselben
649 3406 700 3456 Be-

141 3474 266 3540 deutnng
285 3477 367 3526 actio.
403 3475 436 3526 ln
462 3475 595 3525 welterem
615 3473 700 3525 Since

141 3547 179 3593 ist
208 3543 280 3594 actio
311 3542 360 3593 der
395 3541 549 3594 miindliche
580 3540 701 3606 Vortrag

143 3609 311 3678 riberhaupt;
335 3628 356 3665 s.
376 3626 402 3662 u.
424 3615 449 3673 5.
469 3615 512 3661 19:
532 3607 585 3675 vgl.
607 3608 655 3673 XI,
675 3615 698 3672 3,

141 3681 168 3729 1:
197 3676 394 3744 pronuntiatio
417 3693 432 3727 a
460 3677 596 3744 plerisque
627 3675 699 3728 actio

142 3743 259 3809 dicitur,
287 3744 333 3795 sed
357 3743 432 3812 prius
457 3762 553 3796 nomen
582 3762 598 3796 a
625 3762 701 3808 voce,

141 3827 256 3879 sequens
285 3828 300 3862 a
327 3819 405 3890 gestu
432 3812 540 3864 videtur
568 3813 699 3880 accipere.

69 3933 73 3936 ,
141 3896 258 3947 namque
285 3887 419 3931 actionem
448 3879 544 3930 Cicero
568 3879 634 3932 alias
658 3879 701 3942 (de

141 3955 210 3999 orat.
238 3953 262 4006 3,
289 3951 331 4008 59,
359 3949 420 4009 222)
440 3947 518 4014 quasi
540 3963 700 4010 sermonem,

141 4014 296 4079 slias(orat.
306 4018 346 4076 17,
360 4015 405 4078 55)
415 4013 598 4081 eloquentiam
612 4031 700 4082 quan·

139 4081 201 4133 dam
231 4083 356 4148 corporis
385 4080 462 4136 dicit.
508 4081 577 4132 idern
607 4090 700 4134 tamen

139 4148 208 4201 dues
234 4149 294 4200 eius
321 4155 412 4215 partes
434 4149 514 4212 vfarcit,
544 4165 613 4217 quae
635 4159 701 4202 sunt

140 4216 249 4268 eaedem
271 4215 525 4283 pronuntiationis,
543 4235 632 4268 vocem
656 4225 699 4269 at-

142 4301 194 4352 que
224 4292 335 4339 motum.
383 4293 552 4352 quapropter
583 4294 699 4352 utraque

142 4349 328 4419 appellatione
345 4349 536 4404 indifferenter
555 4350 595 4402 uti
608 4351 681 4406 licet.

758 1788 944 1858 commodata]
963 1813 996 1833 =
1015 1787 1227 1841 accommodata.
1245 1789 1255 1854 ΙΙ
1267 1807 1319 1856 po—

757 1857 926 1924 tentissima]
939 1875 960 1913 s.
973 1861 998 1921 §-
1013 1861 1057 1908 15:
1074 1854 1237 1924 potentiora.
1251 1855 1261 1922 ΙΙ
1274 1876 1316 1910 se-

756 1922 820 1991 mel]
841 1922 884 1974 ein
904 1923 949 1976 fiir
968 1923 1109 1987 alleMs13
1135 1924 1212 1976 kurz.
1239 1925 1249 1990 ΙΙ
1271 1927 1321 1978 ille

756 1991 870 2058 clamor]
896 1992 944 2046 das
968 1990 1155 2057 genthnliehe
1175 1993 1320 2058 Geschrei,

757 2059 922 2112 narnentlich
949 2059 996 2109 der
1023 2059 1057 2112 ad
1085 2058 1229 2112 clamorem
1261 2060 1317 2113 dis-

755 2128 844 2194 posita
864 2126 1011 2179 multitudo
1030 2128 1066 2192 (s.
1093 2126 1140 2186 IV,
1160 2132 1182 2184 2,
1198 2127 1254 2193 37),
1268 2128 1320 2180 der

754 2193 893 2246 auditores
941 2193 1070 2246 conducti
1111 2199 1139 2244 et
1183 2195 1318 2262 redempti

754 2261 839 2378 (Pisin.
863 2278 906 2328 ep.
936 2262 972 2328 ΙΙ,
1002 2263 1053 2326 14).
1078 2259 1088 2326 ΙΙ
1113 2263 1266 2329 extorquet]
1283 2287 1320 2306 =

756 2346 789 2380 au
805 2337 854 2383 ert.

790 2435 830 2484 18.
858 2432 1016 2482 inhibemur·
1131 2432 1250 2498 credere]
1271 2434 1320 2485 fiir

755 2498 901 2566 quominus
929 2499 1078 2551 credemus.
1120 2499 1171 2549 Die
1198 2500 1316 2552 Schrift-

755 2564 848 2617 stellet
858 2566 905 2618 des
914 2565 1052 2617 silbernen
1059 2565 1206 2618 Zeitalters
1213 2568 1317 2619 ndhern

755 2632 815 2684 sich
834 2631 870 2683 im
891 2632 1039 2684 Gebrauch
1051 2633 1097 2685 des
1110 2633 1248 2686 Infinitive
1263 2636 1317 2687 don

758 2699 904 2752 Griechen.
940 2699 1001 2766 vgl.
1021 2705 1044 2762 §.
1066 2707 1107 2752 72.
1122 2706 1163 2752 96.
1178 2702 1316 2767 9711111111

756 2768 868 2820 interim
887 2807 894 2820 .
916 2807 943 2820 ..
961 2766 1084 2835 placent]
1098 2767 1170 2820 bloss
1181 2770 1318 2836 temporat

757 2835 806 2888 mit
825 2835 883 2886 dem
902 2834 1048 2896 Indicativ,
1069 2835 1156 2898 niel,
1177 2841 1215 2897 12,
1228 2841 1258 2900 33
1277 2836 1315 2899 11,

733 2951 736 2955 .
759 2907 804 2965 12,
828 2907 858 2964 e;
884 2901 922 2965 x,
947 2907 975 2968 1,
1005 2907 1068 2967 1113
1097 2902 1163 2967 xn,
1199 2908 1245 2967 10,
1273 2909 1318 2968 er,

756 2987 839 3021 wenn
874 2970 962 3034 gleich
996 2969 1046 3021 der
1079 2969 1317 3038 Zusammenhang
1386 3027 1389 3034 ,

756 3038 803 3090 der
828 3038 979 3090 Gedanken
1004 3037 1056 3090 den
1081 3037 1139 3088 hier
1163 3040 1317 3104 angegebe-

757 3123 809 3156 nen
827 3105 963 3158 Umstand
981 3104 1010 3156 in
1034 3106 1202 3156 concessivcr
1221 3107 1316 3158 Beric-

755 3173 831 3237 hung
849 3189 883 3223 zu
902 3172 961 3224 dem
981 3172 1229 3238 Vorhergehenden
1255 3175 1314 3226 auf-

755 3239 846 3292 t'assen
861 3239 936 3293 lisst.
956 3239 1090 3290 Aehnlich
1100 3243 1136 3290 ini
1143 3241 1317 3292 Deutschen:

755 3306 938 3386 wdhrend⁸
964 3306 1189 3370 inzwischen,
1246 3315 1318 3360 statt

754 3373 959 3508 hiddi}tiegllherigc
965 3372 1140 3507 h'erdiiehffi.
1148 3376 1320 3506 clpprfflrpagpr'*

755 3507 865 3561 Constr.
900 3507 948 3559 der
985 3507 1078 3565 latein.
1101 3507 1313 3578 Zeitpartileln.

756 3580 832 3629 1873.
857 3577 885 3628 S.
906 3580 954 3628 129
973 3577 1014 3638 ff,
1038 3576 1229 3629 insbesondere
1248 3579 1316 3630 iiber

756 3660 816 3694 curn
846 3642 956 3696 interim
987 3643 1043 3696 und
1075 3643 1254 3697 Vernandtes
1284 3648 1312 3698 S.

758 3716 805 3762 144
824 3711 867 3777 ff.]
891 3711 901 3776 ΙΙ
926 3730 943 3762 a
962 3714 1121 3778 conropatis
1145 3714 1316 3779 inuitentur]

756 3779 826 3830 aul's
845 3778 999 3897 OSchiirfste
1031 3780 1132 3846 gerdgt
1168 3797 1218 3832 von
1242 3780 1314 3830 Plin.

757 3863 779 3902 a.
800 3864 824 3898 a.
873 3885 879 3896 .

792 3953 830 4000 19.
845 3967 935 4016 prava
949 3947 1066 4014 iudicia]
1079 3947 1212 4011 wisara
1226 3949 1236 4015 [l
1248 3968 1313 4014 pra-

755 4017 823 4067 tiam
847 4034 903 4068 non
933 4013 1068 4082 reserant]
1100 4014 1144 4066 die
1174 4017 1317 4069 verdiente

755 4084 962 4148 Anerkennung
984 4098 1124 4148 versagen.
1155 4083 1165 4150 ΙΙ
1195 4087 1317 4138 actionis

755 4151 885 4217 impetus]
904 4166 974 4202 sszn
988 4153 1011 4211 ἕ.
1027 4155 1065 4202 17.
1095 4150 1105 4217 ΙΙ
1129 4153 1312 4220 transcurrit]

753 4236 783 4270 so
803 4218 855 4269 wie
882 4222 904 4280 5,
932 4221 948 4269 8
974 4217 1172 4284 gesegt‘wird:
1197 4219 1315 4272 lectione

755 4283 858 4352 aliquid
877 4293 1075 4352 transcurrere,
1097 4303 1126 4338 so
1146 4285 1213 4338 hier:
1233 4287 1315 4339 lectio

754 4352 928 4409 transcurrit.
963 4351 973 4418 ss
1006 4354 1064 4404 sice
1099 4354 1219 4421 dubites]
1255 4372 1315 4406 wo—
