3028 4882
611 279 730 335 cucur
749 279 783 348 v,
803 286 898 334 6-10.
987 315 994 332 .
1272 281 1315 346 63

149 447 272 508 vertere
297 443 459 508 orationes
482 443 600 506 latinas
622 445 748 524 uetant,
776 443 853 527 quia
876 442 1006 526 optimis
1030 445 1209 528 occupatiS,
1233 444 1322 528 quid-

150 532 226 616 quid
255 533 348 596 aliter
376 531 563 614 dixerimus,
594 552 725 594 necesse
754 531 797 594 sit
824 535 893 595 esse
922 530 1069 596 deterius.
1115 555 1191 596 nam
1219 527 1325 617 neque

150 643 275 704 semper
298 625 347 686 est
370 620 605 704 desperandum
629 617 752 704 aliquid
772 620 836 683 illis
842 670 851 703 ,
880 641 961 705 quae
985 621 1070 684 dicta
1094 625 1181 704 sunt,
1208 623 1323 686 melius

59 783 67 796 ⁴
148 731 243 792 posse
271 710 418 794 reperiri,
444 729 548 793 neque
576 708 656 773 adeo
683 708 824 773 ieiunam
852 730 889 772 ac
917 731 1091 792 pauperem
1120 713 1236 773 natura
1259 712 1322 775 elo·
1377 719 1379 724 ’

150 799 316 882 quentiam
338 798 429 882 fecit,
457 802 493 861 ut
515 819 581 861 una
603 798 642 860 de
665 819 699 861 re
727 797 807 862 hene
831 797 894 862 dici
915 797 979 860 nisi
1003 798 1101 862 semel
1122 819 1189 862 non
1211 799 1323 881 possit.

149 887 212 952 nisi
235 888 318 951 forte
341 887 534 951 histrionum
561 888 663 950 multa
687 887 770 951 circa
793 907 886 973 voces
911 886 1038 950 easdem
1065 887 1188 950 variare
1212 891 1321 970 gestus
1340 907 1370 956 6,

149 980 270 1059 potest,
294 976 408 1051 orandi
422 976 528 1042 minor
541 976 603 1058 ris,
625 978 664 1039 ut
677 976 802 1039 dicatur
816 974 953 1058 aliquid,
975 978 1050 1057 post
1064 975 1149 1058 quod
1162 975 1197 1038 in
1211 977 1322 1040 eadem

149 1065 284 1128 materia
309 1064 392 1128 nihil
420 1064 589 1128 dicendum
617 1064 667 1127 sit.
714 1063 770 1127 sed
799 1067 866 1127 esto
894 1085 998 1148 neque
1025 1063 1139 1127 melius
1159 1064 1249 1148 ‘quod
1276 1066 1322 1129 in-

148 1154 293 1218 venimus
318 1173 386 1218 esse
407 1175 511 1238 neque
534 1175 606 1237 par,
630 1156 679 1216 est
693 1155 778 1216 certe
800 1152 955 1235 proximis
978 1153 1076 1218 locus.
1114 1175 1156 1218 an
1170 1175 1245 1217 vero
1260 1153 1322 1237 ipsi
1340 1179 1356 1228 γ

147 1263 215 1306 non
237 1242 287 1306 bis
311 1263 348 1306 ac
372 1243 498 1326 saepius
522 1242 560 1304 de
584 1241 695 1304 eadem
718 1263 752 1304 re
781 1240 915 1304 dicimus
939 1244 972 1304 et
999 1240 1127 1325 quidem
1150 1242 1321 1306 continuas

147 1350 390 1416 nonnumquam
414 1328 612 1394 sententias?
639 1330 703 1394 nisi
730 1329 815 1395 forte
838 1330 1031 1394 contendere
1054 1331 1222 1395 nobiscum
1249 1353 1322 1414 pos·

149 1442 275 1502 sumus,
297 1441 370 1482 cum
394 1419 466 1482 aliis
488 1440 556 1482 non
578 1437 758 1502 possumus
795 1441 871 1482 nam
895 1419 923 1482 si
945 1441 1010 1484 uno
1034 1440 1150 1503 genere
1173 1418 1255 1482 bene
1275 1419 1321 1482 di-

148 1511 285 1591 ceretur,
303 1508 353 1571 fas
377 1511 447 1572 erat
469 1508 645 1570 existimari
667 1508 869 1590 praeclusam
891 1508 1019 1572 nobisa
1041 1507 1202 1591 prioribus
1221 1507 1321 1572 viam:

147 1619 233 1660 nunc
261 1618 337 1660 vero
366 1596 615 1660 innumerabiles
644 1599 719 1660 sunt
745 1596 832 1660 modi
863 1597 1082 1681 plurimaeque
1110 1597 1222 1660 eodem
1250 1597 1321 1661 viae

69 1726 73 1739 ·
147 1685 277 1750 ducunt.
314 1707 372 1749 sua
394 1684 545 1749 brevitati
567 1685 687 1768 gratia,
711 1707 769 1748 sua
788 1685 911 1769 copiae,
935 1685 999 1748 alia
1021 1685 1186 1750 translatis
1210 1685 1350 1769 virtues

148 1773 212 1837 alia
234 1773 383 1858 propriiS,
406 1773 468 1838 hoc
492 1773 596 1837 oratio
619 1779 721 1856 recta,
744 1773 824 1836 illud
852 1773 956 1858 figura
979 1773 1139 1837 declinata
1162 1795 1322 1838 commen·

147 1862 211 1926 dat.
247 1863 320 1944 ipsa
343 1863 479 1947 denique
501 1861 676 1925 utilissima
698 1863 748 1925 est
770 1862 991 1926 exercitationi
1018 1861 1199 1926 difficultas.
1244 1861 1321 1946 quid

148 1951 233 2035 quod
258 1954 403 2015 auctores
427 1951 559 2014 maximi
583 1950 628 2014 sic
652 1950 837 2034 diligentius
852 1949 1113 2034 cognoscuntur?
1150 1951 1321 2015 nonenim

147 2040 267 2123 scripta
288 2039 425 2104 lectione
450 2061 563 2103 secura
585 2039 847 2122 transcurrimus,
871 2039 927 2103 sed
944 2043 1126 2104 ‚tractamus
1141 2039 1270 2122 singula
1288 2043 1322 2102 et

146 2129 326 2192 necessario
349 2129 588 2212 introspicimus
611 2132 657 2212 et,
681 2131 838 2213 quantum
856 2128 985 2192 virtutis
1008 2127 1161 2210 habeant,
1184 2129 1235 2192 vel
1258 2128 1319 2192 hoc

146 2216 217 2300 ipso
241 2219 477 2302 cognoscimus,
502 2217 588 2301 quod
610 2217 730 2281 imitari
753 2238 819 2281 non
841 2239 1022 2301 possumus.

235 2303 303 2368 Nec
331 2307 436 2370 aliena
462 2309 590 2369 tantum
612 2305 801 2387 transferre,
829 2306 1005 2371 sedetiam
1033 2309 1143 2371 nostra
1171 2305 1346 2389 pluribusc

147 2394 251 2457 modis
279 2397 418 2457 tractare
445 2393 601 2477 proderit,
632 2396 670 2457 ut
697 2415 735 2457 ex
762 2395 920 2460 industria
948 2417 1111 2459 sumamus
1140 2394 1317 2458 sententias

147 2482 302 2566 quasdam
330 2503 446 2566 easque
473 2503 636 2545 versemus
664 2504 761 2566 quam
787 2483 1063 2566 numerosissime,
1091 2483 1179 2546 velut
1206 2483 1317 2546 eadem

147 2592 220 2635 cera
243 2571 323 2634 aliae
340 2571 484 2655 aliaeque
507 2571 629 2634 formae
645 2571 718 2634 duci
742 2571 854 2636 solent.
890 2571 1065 2654 plurimum
1083 2573 1191 2634 autem
1209 2571 1364 2655 pararito

145 2659 309 2724 facultatis
333 2660 479 2724 existimo
504 2681 542 2723 ex
565 2659 803 2743 simplicissima
826 2681 951 2744 quaque
978 2659 1121 2723 materia.
1163 2681 1239 2722 nam
1261 2660 1318 2723 illa

146 2835 259 2899 Cicero,
289 2835 408 2887 welcher
434 2834 468 2885 de
495 2840 564 2887 orat.
600 2838 629 2900 1,
658 2838 706 2900 34,
793 2840 818 2888 8.
837 2836 927 2887 oratio
945 2832 1034 2902 recta]
1048 2833 1083 2886 im
1098 2835 1317 2900 Gegensatzeau

147 2908 196 2956 154
213 2902 271 2954 dem
292 2903 405 2955 Crassus
424 2902 496 2954 diese
519 2901 636 2955 Ausieht
656 2918 704 2953 zu·
760 2902 906 2956 denotatio
920 2901 1010 2970 ligurii
1022 2899 1158 2953 declinata
1169 2901 1316 2967 (figuratur

144 2970 272 3022 schreibt.
290 2969 384 3037 llquae
403 2970 478 3021 dieta
496 2965 575 3039 sunt]
597 2969 639 3021 die
657 2986 704 3036 ge·
758 2988 777 3022 s.
804 2987 839 3022 au
864 2975 888 3036 1,
917 2972 962 3036 1⁸2)
981 2993 1014 3013 =
1032 2966 1175 3034 schlichte,
1192 2969 1317 3022 einische

144 3036 296 3090 brauchteu
316 3035 485 3090 Ausdriicke.
757 3038 924 3091 Redeweise.
963 3037 1022 3104 Vgl.
1038 3037 1089 3104 IX,
1109 3042 1130 3094 1,
1150 3043 1178 3089 3:
1198 3045 1316 3106 utraque

826 3103 880 3168 (die
903 3104 1016 3174 Tropen
1041 3104 1097 3158 und
1119 3103 1163 3157 die
1181 3104 1327 3174 Figuren)

823 3183 883 3226 ecta
908 3180 936 3224 et
964 3171 1082 3240 simplici
1114 3172 1222 3224 ratione
1254 3189 1316 3225 cum

757 3241 850 3310 aliqua
879 3239 986 3293 dicendi
1015 3239 1121 3291 virtute
1148 3238 1313 3292 deflectitur.

756 3310 785 3364 S.
810 3308 880 3360 such
905 3324 939 3359 au
960 3312 983 3372 1,
1006 3313 1040 3360 44
1058 3307 1124 3358 tiber
1142 3306 1189 3358 das
1208 3315 1314 3359 rectum

755 3374 863 3428 <licendi
881 3392 976 3443 genus.
1006 3374 1016 3442 ΙΙ
1046 3373 1236 3493 commendaq,
1247 3393 1269 3437 s,
1289 3380 1314 3441 1,

756 3448 817 3507 1013
840 3442 884 3495 die
906 3441 1094 3512 Empfehlung
1111 3441 1180 3509 liegt
1203 3442 1314 3494 scrin

755 3511 802 3563 der
825 3510 1069 3578 Angemesseuheit
1091 3509 1136 3562 des
1159 3510 1314 3576 gewiihlten

143 3615 190 3679 sit,
211 3616 342 3694 posthoc
359 3613 388 3666 in
406 3613 499 3667 eudem
524 3613 638 3666 materia
657 3611 700 3665 ni·
753 3579 925 3700 Αξᾶᾞῖἕέσ
936 3578 947 3646 l
960 3575 1126 3716 ἵὶῗέἒὲΐέε]
1141 3584 1313 3713 gegghkfilgl

143 3678 699 3816 illuminatacaralni
753 3715 1039 3850 gsffigpiuppg.
1057 3643 1314 3835 ,pm

142 3816 165 3877 1¹
197 3821 222 3880 ¹⁷
251 3819 299 3880 ⁸¹3
329 3814 532 3882 g⁰W5h⁰¹i⁰h⁰³
561 3817 611 3869 mil
639 3817 698 3869 dem
753 3856 777 3914 3,
796 3857 907 3904 3extr.:
927 3851 1014 3903 febres
1029 3847 1312 3916 aliaeeliaequesub-

142 3885 222 4012 tc
236 3878 700 4014 ''lf⁰1²3’'1‘2⁸l=⁶⁰·2‡¹2¹2⁸&tlt-³
752 3919 971 4040 ristun
984 3915 1277 4050 locuturi:

142 4018 279 4090 Pf⁰¹i¹¹¹⁰⁸
298 4017 337 4070 iffi
355 4017 415 4070 Vim
433 3967 502 4069 Keri'
754 4052 857 4105 welche
874 4050 1073 4105 stattaufinden
1087 4047 1181 4171 pflegt
1197 4050 1238 4103 bei
1259 4052 1311 4104 deu

176 4127 199 4175 7.
224 4139 281 4175 uno
303 4117 411 4190 periere]
434 4139 455 4172 s.
477 4137 511 4172 au
534 4127 560 4187 3,
583 4125 615 4173 26
633 4121 699 4175 iiber
753 4129 899 4172 concretes
914 4119 1075 4186 Fillen,bei
1106 4118 1310 4171 erenBehsnd·

141 4208 243 4259 genus3
263 4207 317 4242 uno
335 4212 368 4233 =
387 4188 483 4240 nurin
500 4187 602 4242 einen:
623 4207 644 4242 s.
663 4207 698 4242 au
753 4189 821 4255 long
849 4187 898 4240 der
930 4188 1041 4241 Reduer
1075 4185 1125 4238 aul
1157 4185 1310 4240 bestimmte

143 4266 166 4319 1,
184 4264 232 4312 91:
251 4259 301 4312 hos
319 4256 526 4310 nominavimus.
541 4257 551 4325 ΙΙ
562 4259 609 4323 fas
626 4263 698 4319 erat]
753 4256 828 4320 (sehr
854 4253 1132 4324 verschiedenartige)
1159 4254 1309 4320 Personen,

141 4343 237 4394 wegeu
256 4326 302 4380 des
320 4324 470 4379 indicative
488 4343 509 4379 s.
529 4325 579 4378 Kr.
600 4327 651 4380 Gr.
669 4329 694 4391 s.
754 4324 954 4404 Gegepstiiude,
987 4325 1063 4376 Zeit-
1083 4321 1149 4406 'und
1181 4323 1309 4375 Ortsver-

140 4399 199 4451 463.
220 4393 252 4447 Ζ.
272 4399 296 4458 §.
316 4397 373 4447 518.
753 4391 895 4457 hahuisse,
919 4394 970 4446 suf
989 4391 1105 4456 allerle1‚
1136 4396 1310 4457 suasgesagt

178 3145 202 3195 6.
232 3142 321 3192 multa
439 3139 541 3208 potest]
565 3139 702 3192 dieselben
756 3124 822 3226 {12⁵1

144 3209 242 3261 Worte
271 3207 320 3259 mit
351 3207 467 3259 vielfach
492 3206 701 3260 verschiedenen

145 3275 289 3330 Geberden
300 3273 443 3341 begleiten.
456 3274 465 3341 ΙΙ
479 3276 634 3327 ordinatur
647 3277 701 3326 uli·

144 3346 227 3412 quid,
249 3351 312 3411 port
334 3345 408 3410 quod
430 3384 436 3398 .
456 3383 462 3394 .
483 3337 504 3412 .]
525 3342 573 3393 der
591 3342 701 3410 Haupt-

144 3411 268 3480 gedsnlre
295 3410 363 3476 liegt
384 3409 413 3461 in
436 3409 494 3462 dem
517 3409 699 3462 Nebensatze.

143 3481 221 3532 Denn
244 3476 288 3530 die
311 3479 399 3530 minor
420 3477 461 3530 vis
484 3477 583 3530 orandi
607 3478 700 3529 wirde

142 3548 222 3600 datin
246 3546 389 3611 bestehen,
409 3553 449 3611 ut,
474 3545 497 3596 si
514 3545 580 3614 quid
597 3544 700 3598 (lictum
