3028 4882
592 230 716 286 CAPUT
735 231 756 299 Ι,
775 237 872 286 9-11,
1310 231 1328 295 7

143 395 276 478 quimur
304 394 427 476 optima
452 394 589 478 legendo
614 396 709 477 atque
733 393 906 457 audiendo:
934 415 1002 458 non
1026 394 1112 457 enim
1135 394 1240 458 sohtm
1263 416 1321 459 no-

145 483 237 546 mina
259 483 331 565 ipsa
351 503 459 546 rerum
482 502 713 566 cognoscemus
736 482 797 546 hac
821 503 906 564 cura,
930 481 985 545 sed
1007 481 1093 564 quod
1107 504 1234 566 quoque
1247 484 1320 550 loco
1348 502 1351 514 ’

143 571 191 634 sit
214 571 425 660 aptissimum.
471 571 620 634 omnibus
640 570 725 634 enim
748 571 815 634 fere
839 570 944 634 verbis
958 573 1086 653 praeter
1100 592 1212 653 pauca,
1236 591 1350 655 quaec

149 662 225 723 sunt
248 681 363 742 parum
391 659 579 742 verecunda,
601 659 635 722 in
659 659 805 723 oratione
827 659 917 730 locus
941 663 998 722 est.
1044 657 1121 722 nam
1145 660 1317 743 scriptores

144 747 277 830 quidem
290 748 472 812 iamborum
487 747 666 830 veterisque
685 747 868 812 comoediae
882 747 982 811 etiam
995 747 1030 811 in
1043 747 1107 810 illis
1132 769 1227 831 saepe
1249 749 1319 814 lau-

144 837 274 920 dantur,
298 836 354 900 sed
376 836 471 900 nobis
493 839 641 900 nostrum
665 858 745 918 opus
768 835 887 899 intueri
911 838 964 899 sat
977 838 1034 900 est.
1081 836 1190 900 omnia
1210 836 1318 919 verba,

146 925 288 1008 exceptis
312 924 350 987 de
374 925 491 1008 quibus
515 924 588 1006 dixi,
612 929 689 988 sunt
703 924 821 988 alicubi
836 924 971 1010 optima.
994 946 1071 986 nam
1091 928 1123 988 et
1142 924 1319 988 humilibus

146 1011 277 1077 interim
309 1015 342 1076 et
374 1013 561 1096 vulgaribus
594 1016 644 1076 est
676 1035 767 1096 opus,
800 1015 832 1075 et
865 1034 946 1096 quae
979 1013 1129 1076 nitidiore
1162 1013 1196 1075 in
1226 1017 1318 1096 parte

145 1101 295 1186 videntur
327 1101 465 1185 sordida,
497 1102 553 1164 ubi
585 1123 636 1165 res
668 1102 781 1184 poscit,
813 1101 942 1184 proprie
975 1101 1133 1165 dicuntur.
1178 1101 1259 1164 haec
1284 1105 1321 1166 ut
1334 1109 1369 1159 10

145 1190 284 1254 sciamus
313 1192 409 1273 atque
442 1212 552 1254 eorum
580 1212 648 1254 nou
675 1190 945 1274 significationem
973 1189 1083 1273 modu,
1114 1190 1169 1253 sed
1197 1190 1320 1254 formas

143 1277 244 1342 etiam
271 1299 502 1362 mensurasque
525 1279 682 1360 norimus,
705 1282 750 1362 ut,
773 1278 965 1360 ubicumque
989 1282 1084 1342 erunt
1106 1278 1222 1362 posite,
1247 1300 1323 1342 con·

143 1367 287 1450 veniant,
309 1367 373 1430 nisi
395 1367 498 1430 multa
520 1367 658 1431 lectione
673 1369 769 1449 atque
789 1366 1101 1450 auditioneadsequi
1119 1367 1322 1431 nullomodo

145 1476 327 1538 possumus,
350 1476 422 1520 cum
446 1477 575 1519 omnem
599 1477 779 1519 sermonem
803 1455 933 1518 auribus
953 1455 1094 1538 primum
1117 1455 1321 1538 accipiamus.

145 1546 279 1626 propter
302 1543 388 1626 quod
410 1543 553 1608 infantes
577 1565 596 1606 a
619 1545 716 1608 mutis
739 1543 919 1608 nutricibus
942 1543 1032 1607 iussu
1051 1563 1164 1628 regum
1187 1544 1223 1606 in
1245 1544 1321 1608 soli-

144 1631 255 1695 tudine
279 1632 414 1716 educati,
438 1633 565 1696 etiamsi
588 1633 686 1696 verba
709 1633 867 1716 quaedam
891 1632 1036 1696 emisisse
1058 1633 1241 1714 traduntur,
1270 1637 1321 1695 ta-

144 1742 219 1784 men
254 1720 408 1803 loquendi
443 1721 597 1784 facultate
625 1723 814 1784 caruerunt.
866 1723 941 1782 sunt
978 1723 1085 1783 autem
1123 1721 1187 1782 alia
1223 1719 1320 1783 huius
1334 1731 1365 1780 lt

144 1811 290 1890 naturae,
313 1811 350 1871 ut
372 1809 458 1872 idem
481 1807 627 1891 pluribus
650 1809 783 1872 vocibus
808 1808 980 1890 declarent,
1002 1809 1049 1872 ita
1073 1811 1110 1871 ut
1123 1807 1205 1870 nihil
1221 1809 1321 1892 signi·

140 1896 313 1978 ficationis,
336 1918 399 1980 quo
423 1897 657 1980 potiusxutaris,
680 1896 818 1979 intersit,
841 1900 878 1959 ut
900 1895 1008 1959 ‘ensis'
1025 1899 1057 1958 et
1072 1895 1232 1980 ‘gladius',
1255 1897 1321 1959 alie

142 2005 232 2068 uero,
261 1985 386 2049 etiamsi
414 1985 546 2068 proprie
568 2007 675 2049 rerum
699 1985 879 2068 aliquarum
903 1985 969 2047 sint
991 1985 1138 2067 nomina,
1161 1987 1321 2062 τροπικῶς

758 2193 860 2276 gerade
875 2193 918 2243 dic
936 2193 1049 2244 rechten
1069 2193 1133 2244 oder
1151 2193 1317 2260 pesscnden;

757 2278 778 2312 Β·
793 2264 986 2394 idi'sdr'nm]
1025 2327 1069 2378 die
1107 2327 1319 2380 verschiedenen

147 2194 239 2244 crebre
270 2192 494 2247 Beredtsarnlreit.
532 2193 542 2259 ΙΙ
577 2195 702 2260 nomina]

142 2260 300 2328 iiberhaupt
313 2261 430 2320 Wiirter,
451 2260 619 2316 Austriiclre.

178 2401 203 2448 9.
229 2397 303 2460 nam]
328 2393 372 2445 die
390 2393 497 2446 causale
516 2394 638 2446 Partikel
656 2395 703 2445 be·
758 2394 916 2446 Flexionen.
930 2394 940 2461 ΙΙ
954 2393 1112 2462 mensurus]
1136 2394 1180 2446 die
1198 2396 1323 2458 Quanti-

758 2463 799 2513 tiit
822 2462 869 2512 der
893 2462 1035 2512 einzelnen
1062 2463 1174 2528 Sylben.
1200 2463 1210 2529 ΙΙ
1235 2465 1323 2515 audi-

758 2529 845 2595 tione]
864 2529 973 2581 bezicht
984 2529 1041 2580 sich
1054 2529 1165 2594 speciell
1183 2531 1233 2580 auf
1243 2549 1321 2582 nien·

144 2462 220 2514 nieht
236 2461 295 2514 sich
314 2461 372 2511 dem
392 2461 478 2512 Sinne
497 2463 566 2512 nech
586 2463 636 2512 auf
650 2462 702 2512 den

141 2531 212 2582 Setz
231 2532 278 2581 sed
292 2530 369 2581 nobis
383 2566 389 2579 .
404 2568 409 2580 .
425 2567 430 2578 .
445 2535 494 2578 est.
533 2531 611 2579 Denn
624 2546 702 2579 wenn

141 2597 232 2663 gleich
251 2597 295 2648 die
313 2595 537 2648 Jambendichter
561 2613 587 2648 u.
612 2615 632 2647 s.
657 2615 703 2661 w,

143 2682 173 2716 so
192 2665 257 2716 deri
267 2665 315 2715 der
328 2663 437 2715 Redner
449 2663 518 2714 doch
531 2663 702 2729 dergleichen

142 2732 253 2784 Wiirter
273 2731 348 2783 nicht
365 2731 545 2796 gebraucheu.
559 2732 569 2798 ΙΙ
582 2729 700 2798 quictem]

142 2816 178 2850 ¹zu
196 2799 325 2850 berichen
345 2798 394 2850 auf
408 2798 459 2850 den
472 2816 581 2865 ganzen
599 2797 706 2863 Bcgriff

144 2866 435 2928 Jurubendichter‚
481 2868 529 2918 der
568 2866 596 2916 in
623 2865 703 2916 nivei

144 2935 260 2985 Worten
275 2933 461 2999 ausgedriickt
473 2933 517 2989 ist.
530 2933 540 3000 ΙΙ
554 2934 702 3000 scriptores

144 3001 307 3068 iamborum]
323 2996 529 3067 ἰαμβογράφοι,
542 3019 561 3053 s.
574 3018 607 3051 zu
620 3005 644 3064 ἕ,
659 3005 701 3054 te.

145 3068 157 3138 l}
178 3072 261 3120 etiarn
283 3069 314 3120 in
337 3066 406 3134 illis]
429 3068 481 3119 bei
502 3071 601 3136 jeneu‚
632 3067 657 3118 d.
682 3067 700 3119 i.

142 3138 232 3188 indens
251 3136 290 3188 sie
307 3135 442 3186 dieselben
460 3135 648 3202 gebrauchen;
668 3157 701 3177 =

143 3221 239 3270 wegen
255 3206 350 3270 jencr;
370 3203 422 3268 vgl.
442 3207 466 3266 §.
480 3209 512 3256 63
533 3204 588 3255 und
607 3208 647 3254 et.
668 3202 701 3266 V,

144 3277 185 3328 12.
205 3277 251 3322 22:
276 3271 410 3335 (iuvenes)
431 3269 536 3322 laudari
565 3271 594 3320 in
621 3269 701 3320 bonis

142 3339 253 3391 melent.
276 3337 287 3404 ll
308 3345 434 3388 nostrum
451 3338 532 3404 opus]
548 3337 594 3388 des
608 3337 644 3388 ist
658 3335 702 3386 die

142 3404 509 3470 reduerischeDerstclluug,
523 3404 572 3456 mit
584 3403 703 3456 welcher

144 3474 195 3525 wir
216 3490 243 3524 cs
262 3472 320 3524 hier
342 3489 376 3522 zu
395 3472 464 3523 thun
486 3473 584 3537 haben,
608 3478 702 3522 ‘unser

143 3541 237 3592 nach'.
263 3540 272 3606 ΙΙ
301 3541 417 3605 intueri]
437 3539 479 3591 ins
498 3541 576 3606 Auge
594 3539 700 3600 tessen3

142 3607 175 3675 V,
203 3614 243 3671 13,
267 3612 312 3660 31:
331 3607 396 3658 dum
414 3607 502 3659 locum
521 3613 702 3675 praesentem,

141 3693 198 3727 non
218 3681 302 3728 toturn
316 3689 422 3726 causam
437 3675 591 3726 intuentur.
608 3674 618 3741 ΙΙ
632 3678 702 3726 inte·

142 3743 204 3808 rim]
227 3743 270 3792 bei
294 3741 449 3803 Quintilian
473 3741 567 3808 hiiutig
589 3761 609 3794 s.
630 3761 654 3794 v.
677 3761 701 3794 a.

142 3809 290 3874 interdum,
310 3827 330 3860 s.
351 3827 374 3860 u.
395 3827 419 3860 a.
438 3815 462 3873 ἕ,
475 3815 522 3872 243
536 3817 558 3869 3,
574 3814 596 3865 7.
609 3810 619 3876 ΙΙ
634 3811 702 3862 niti-

143 3881 221 3929 diure
239 3879 268 3928 in
308 3875 379 3954 arte]
399 3877 459 3926 eine
477 3877 592 3928 snubere
601 3878 701 3943 stelle,

140 3945 202 3996 eine
224 3895 322 4007 stelit,
348 3943 391 3994 dre
414 3944 492 3993 einen
521 3945 597 3995 recht
621 3962 700 4011 sorg-

141 4012 222 4078 filtig
244 4011 399 4078 gewdhltcn
424 4011 567 4062 Ausdruck
586 4012 699 4066 fordert.

141 4078 254 4132 Nitidus
277 4079 324 4130 des
348 4079 514 4143 Gegeutheil
539 4097 590 4129 von
614 4080 700 4130 sordi-

141 4147 193 4199 dus
212 4146 303 4213 (VIII,
322 4151 348 4203 3,
366 4149 423 4212 te),
444 4165 473 4198 so
494 4145 545 4198 wie
564 4164 616 4197 von
637 4147 701 4198 hor-

142 4213 218 4266 ridus
238 4213 308 4281 (Cic.
330 4213 406 4264 Brut.
421 4218 461 4277 67,
477 4218 539 4265 238:
555 4230 609 4263 nun
622 4214 701 4264 valde

143 4281 243 4348 nitens,
269 4298 323 4332 non
342 4280 424 4348 plene
451 4280 562 4332 horride
587 4281 700 4343 oratio).

144 4349 156 4416 ll
180 4349 293 4418 proprie
320 4348 465 4414 dicuntur]
494 4346 533 4399 sie
555 4347 615 4399 sind
638 4349 701 4400 dort

758 2613 848 2659 suras,
867 2612 896 2647 so
917 2595 1034 2648 wieder
1054 2595 1156 2648 Zusetz
1176 2615 1238 2648 curn
1259 2636 1265 2647 .
1286 2637 1292 2648 .
1314 2639 1319 2648 .

758 2663 922 2731 accipiemus
950 2664 1003 2714 den
1029 2663 1130 2715 Zusatz
1160 2682 1213 2716 ron
1239 2665 1322 2715 audi-

758 2730 834 2782 tione
848 2731 934 2781 neben
948 2731 1065 2782 lectione
1076 2731 1238 2796 begrrindet.
1252 2733 1262 2798 ΙΙ
1277 2734 1321 2782 in-

756 2801 850 2859 fantes
874 2816 891 2848 u
910 2800 994 2850 mutis
1013 2801 1171 2850 nutricibus
1195 2799 1317 2866 educati]

756 2865 865 2916 bezieht
883 2866 940 2916 sich
960 2865 1186 2916 wehrscbeinlich
1207 2867 1258 2916 aui
1273 2865 1318 2916 die

757 2932 919 2998 Erziihlung
942 2931 987 2984 des
1011 2933 1136 2984 Herodot
1159 2939 1182 2994 2,
1210 2940 1233 2991 ⁴2,
1254 2931 1318 2985 dass

756 3001 947 3062 Psammetich,
976 3018 1020 3052 um
1049 3017 1084 3052 zu
1112 3001 1261 3064 ermitteln,
1284 3002 1318 3052 ob

756 3069 799 3119 ein
830 3067 899 3120 Volk
922 3067 990 3119 iilter
1014 3069 1053 3119 als
1082 3068 1131 3120 das
1155 3069 1318 3136 iigyptische

756 3136 803 3196 sei,
823 3133 866 3186 ein
886 3137 958 3187 Puer
977 3136 1083 3187 Kinder
1101 3153 1152 3188 von
1173 3137 1241 3186 aller
1260 3139 1319 3186 Ge-

757 3203 921 3254 rneinschnft
939 3203 988 3254 ruit
1006 3203 1110 3255 anderu
1135 3203 1318 3270 abgesondert

756 3287 809 3321 von
834 3269 938 3334 Ziegen
962 3271 1030 3321 habe
1057 3270 1192 3321 crndhrcn
1217 3271 1316 3322 lescen.

758 3337 805 3389 Ale
828 3336 899 3387 diesc
922 3353 956 3387 zu
980 3338 1112 3404 sprechen
1133 3338 1317 3404 engelangen,

757 3404 852 3455 hitten
892 3402 931 3454 sie
965 3405 1010 3455 ein
1046 3404 1093 3455 der
1131 3405 1318 3472 phrygischcn

757 3472 880 3539 Sprache
898 3471 1079 3538 augehiirigcs
1099 3473 1181 3523 Wort
1206 3475 1319 3524 herror-

756 3539 903 3605 gebracht‚
931 3557 1039 3591 uorans
1064 3557 1124 3591 nien
1145 3539 1317 3606 geschlossen

757 3607 833 3672 habe,
863 3607 907 3657 die
933 3607 1060 3674 Phryger
1086 3608 1158 3659 seien
1185 3609 1255 3660 iilter
1278 3608 1319 3660 als

756 3673 801 3726 die
819 3673 981 3741 Aegyptier.

792 3747 831 3796 11.
847 3741 918 3809 otiu]
934 3744 1068 3794 severba.
1081 3743 1090 3808 ΙΙ
1104 3744 1233 3810 pluribus
1243 3743 1317 3794 uuei-

757 3809 818 3876 tus]
840 3809 936 3860 Lente.
950 3809 1006 3862 Cic.
1020 3811 1068 3861 Or.
1081 3816 1124 3871 49,
1145 3815 1206 3862 162:
1227 3827 1316 3861 rerum

755 3879 953 3944 verborumque
987 3877 1116 3928 iudicium
1152 3877 1318 3944 prudentiae

756 3951 807 4008 est,
836 3962 933 3996 vocum
964 3953 1053 3996 autem
1083 3952 1111 3995 ct
1141 3961 1316 3998 numerorum

756 4027 836 4064 aures
854 4021 919 4063 sunt
934 4011 1044 4064 iudices.
1059 4011 1069 4077 ΙΙ
1087 4013 1315 4080 significationis]

755 4104 789 4124 =
812 4079 845 4130 ed
868 4079 1111 4145 significationem,
1138 4079 1316 4132 hinsichtlich

756 4146 803 4198 der
820 4146 989 4212 Bedeutung.
1025 4148 1058 4198 cf.
1073 4147 1121 4202 lx.
1140 4152 1165 4210 4,
1183 4153 1231 4199 44:
1251 4147 1314 4215 plu·

755 4214 853 4264 rimuru
878 4215 964 4265 refert
994 4214 1213 4282 compositionis,
1246 4233 1315 4282 quae

755 4281 853 4398 fluibus
877 4287 1036 4349 anteponas¹
1074 4281 1131 4334 Zur
1155 4282 1316 4348 ldrlrliirung

775 4349 843 4400 ieser
871 4348 981 4401 Consti.
1009 4369 1031 4402 s.
1055 4349 1104 4406 Kr.
1129 4351 1178 4402 Gr.
1206 4355 1232 4414 §.
1256 4353 1315 4414 348,
