3028 4882
586 260 707 316 carus
725 260 785 330 vn,
804 265 883 316 4-7.
1282 257 1323 321 tt

145 421 257 485 subito
282 443 380 486 causa
402 423 561 506 mutatur,
589 425 685 507 atque
707 425 745 487 ut
772 421 981 506 gubernatori
1009 420 1050 484 ad
1072 421 1220 487 incursus
1243 425 1325 487 tem·

147 510 337 594 pestatium,
366 509 412 574 sic
440 510 551 596 agenti
578 510 619 574 ad
646 511 838 575 varietatem
865 530 1035 574 causarum
1062 509 1146 575 ratio
1169 511 1327 576 mutanda

147 601 207 662 est.
250 597 326 681 quid
352 619 451 682 porro
474 599 594 662 multus
623 598 716 663 stilus
740 602 773 663 et
795 597 930 662 adsidua
954 598 1052 663 lectio
1076 601 1109 662 et
1134 598 1235 683 longa
1257 603 1355 663 stu-4

147 685 274 752 diorum
306 689 396 751 aetas
422 685 515 770 facit,
547 686 575 750 si
603 689 714 750 manet
746 687 858 751 eadem
890 707 972 770 quae
1003 685 1067 751 fuit
1093 685 1324 769 incipientibus

143 771 344 840 difficultas?
380 775 502 858 perisse
525 774 670 859 profecto
694 773 913 861 confitendum
929 777 980 840 est
1001 773 1211 858 praeteritum
1233 776 1325 841 labo·

144 883 229 948 rem,
255 863 307 928 cui
330 884 457 947 semper
482 861 568 927 idem
594 863 809 928 laborandum
836 866 895 928 est.
939 884 1044 947 neque
1072 883 1132 946 ego
1159 861 1223 928 hoc
1251 885 1325 950 ago,

144 949 184 1015 nt
206 973 244 1016 ex
265 954 411 1035 tempore
434 951 538 1016 dicere
560 952 666 1037 malit,
693 952 749 1016 sed
771 954 808 1016 ut
834 951 947 1036 possit.
987 951 1021 1016 id
1048 955 1157 1016 autern
1184 952 1326 1016 maxime

144 1035 208 1104 hoc
230 1040 326 1105 modo
351 1061 592 1123 consequemur.

234 1125 322 1192 Nota
351 1129 394 1192 sit
420 1129 560 1212 primum
583 1127 710 1192 dicendi
732 1129 800 1192 via:
827 1147 933 1212 neque
960 1127 1046 1192 enim
1073 1128 1162 1211 prius
1181 1129 1349 1205 contin-5

142 1235 220 1300 ¹gere
244 1235 356 1280 cursus
378 1220 487 1300 potest
510 1239 607 1300 qnam
630 1216 809 1301 scierimus,
835 1239 899 1301 quo
924 1217 967 1282 sit
989 1220 1022 1280 et
1045 1238 1109 1301 qna
1131 1219 1322 1300 pervenien-

143 1303 229 1368 dum.
268 1323 329 1370 neo
352 1304 431 1369 satis
454 1307 506 1370 est
527 1326 594 1369 non
621 1305 772 1390 ignorare
800 1327 881 1389 quae
905 1305 973 1370 sint
995 1327 1166 1370 causarum
1188 1305 1324 1372 iudicia-

141 1392 223 1456 lium
246 1395 369 1476 partes‚
397 1396 454 1458 aut
476 1393 702 1476 quaestionum
725 1394 871 1459 ordinem
893 1397 979 1460 recte
1002 1394 1186 1478 disponere,
1210 1417 1323 1480 quam-

143 1501 240 1564 quam
262 1481 327 1545 ista
350 1485 427 1546 sunt
451 1482 638 1566 praecipua,
666 1481 721 1546 sed
749 1481 826 1567 quid
854 1503 981 1568 quoqne
1008 1483 1079 1548 loco
1107 1482 1249 1566 primum
1277 1484 1322 1549 sit

138 1589 181 1634 ac
204 1568 382 1635 secundum
405 1572 438 1634 et
456 1570 628 1654 deinceps:
656 1592 738 1657 quae
765 1571 814 1635 ita
841 1575 918 1636 sunt
944 1575 1062 1636 natura
1089 1572 1253 1656 copulata,
1281 1576 1321 1638 ut

138 1657 261 1722 mutari
293 1661 350 1722 aut
378 1659 541 1724 intervelli
572 1659 642 1723 sine
675 1659 866 1726 confusione
893 1680 961 1724 non
987 1659 1123 1743 possint.
1170 1661 1349 1745 quisquiss

138 1749 252 1810 autem
279 1747 333 1811 via
360 1746 457 1830 dicet,
484 1747 619 1812 ducetur
646 1750 721 1812 ante
749 1749 860 1813 omnia
886 1769 995 1812 rerum
1021 1748 1093 1830 ipsa
1121 1748 1202 1812 serie
1229 1750 1321 1814 velut

141 1832 233 1917 duce,
260 1837 393 1918 propter
421 1835 507 1920 quod
532 1835 681 1900 homines
709 1836 808 1901 etiarn
831 1836 956 1901 modice
979 1835 1145 1900 exercitati
1166 1836 1322 1901 facillime

142 1924 290 1986 tenorem
318 1923 353 1986 in
379 1924 619 1989 narrationibus
648 1928 787 1990 servant.
833 1923 961 2008 deinde,
989 1923 1065 2009 quid
1093 1945 1219 2008 quoque
1246 1925 1322 1992 loco

138 2012 308 2095 quaerant,
323 2010 433 2094 soient,
446 2033 507 2077 nec
520 2012 835 2098 circumspectabunt
847 2035 907 2079 nec
921 2011 1131 2078 offerentibus
1146 2034 1179 2077 se
1190 2013 1322 2092 aliunde

139 2099 289 2163 sensibus
320 2099 540 2178 turbabuntur
571 2122 631 2166 nec
663 2101 865 2166 confundent
895 2123 935 2166 ex
972 2102 1106 2166 diversis
1139 2101 1324 2169 orationem

137 2187 229 2251 velut
261 2187 413 2252 salientes
445 2188 508 2254 huo
539 2190 617 2255 illuc
648 2212 708 2255 neo
739 2211 877 2274 usquam
909 2189 1104 2256 insistentes.
1153 2193 1322 2274 postremo
1419 2258 1423 2270 ,

137 2273 307 2340 habebunt
334 2277 467 2341 modum
494 2280 527 2342 et
554 2278 665 2361 finem,
698 2280 754 2363 qui
781 2301 851 2344 esse
879 2279 959 2345 citra
993 2279 1183 2344 divisionem
1210 2280 1320 2346 nullus

136 2365 258 2446 potest.
294 2364 429 2447 expletis
445 2387 505 2449 pro
528 2366 682 2433 facultate
697 2367 856 2452 omnibus,
880 2389 962 2454 quae
984 2367 1222 2454 proposuerint,
1244 2378 1347 2453 per-t

137 2451 266 2516 venisse
291 2473 325 2516 se
349 2451 392 2516 ad
413 2454 564 2518 ultimum
587 2456 737 2520 sentient.

136 2624 700 2693 der(gerichtliclie]Rednerwiilirenddsr
753 2627 815 2680 dan.
841 2628 855 2709 J]
884 2629 1032 2696 praesint
1056 2667 1063 2684 .
1084 2669 1091 2684 .
1110 2667 1118 2681 .
1136 2628 1244 2697 partes]
1265 2647 1316 2682 na·

137 2691 698 2762 Verhendlungeingetretenszwischen·
754 2695 883 2747 mentiret
896 2695 1078 2764 prooemium,
1096 2697 1231 2762 narratio,
1250 2714 1316 2765 pro-

138 2761 204 2813 fille
235 2761 464 2828 bericksichtige,
500 2762 565 2816 heht
599 2762 697 2827 Quint.
752 2762 845 2828 batto,
869 2762 1016 2827 refutatio,
1035 2763 1176 2832 epilogus3
1198 2781 1221 2816 a.
1239 2781 1275 2815 nu
1294 2769 1318 2826 1,

136 2829 210 2881 anch
232 2827 404 2882 anderwirts
427 2830 540 2894 hernon
563 2848 584 2882 s.
609 2835 632 2895 §-
650 2835 697 2885 302
753 2835 795 2884 50.
825 2829 835 2898 ΙΙ
865 2832 1060 2898 quaestionum
1091 2832 1217 2882 ordinem
1245 2839 1319 2884 recte

137 2895 235 2950 subitis
257 2913 290 2947 ex
308 2903 430 2966 tempore
454 2904 611 2951 occurrant.
647 2897 701 2950 Die
753 2897 912 2965 disponere]
950 2897 1013 2963 Vll,
1050 2903 1091 2962 10,
1120 2902 1152 2950 t:
1188 2899 1316 2966 quaestio

140 2961 357 3015 Beredtsemlreit
382 2963 434 3016 soll
459 2965 520 3017 sein
543 2971 642 3034 parata
663 2965 698 3019 ad
753 2964 840 3018 omnis
863 2982 896 3017 ac
918 2965 994 3018 locus
1017 2965 1197 3018 hebetatam
1224 2965 1315 3034 dispo·

136 3047 230 3082 omnes
248 3047 342 3094 casus;
363 3035 386 3097 1,
406 3036 432 3083 2.
468 3030 588 3099 Vgt.v1
613 3038 697 3100 1,4t:
752 3032 888 3086 altionem.
920 3031 930 3100 ]
960 3035 1009 3086 sed
1031 3033 1100 3099 quid
1122 3049 1232 3113 quoque
1256 3035 1317 3086 loeo

134 3097 185 3168 qni
203 3096 294 3151 astilo
308 3115 363 3150 non
375 3097 509 3151 recedunt
523 3098 572 3166 (im
586 3073 697 3168 (legen-
751 3101 873 3168 primam
890 3100 929 3151 sit
947 3142 953 3154 .
974 3140 980 3152 .
991 3098 1015 3218 i
1038 3116 1093 3152 was
1110 3099 1148 3152 ist
1162 3099 1317 3154 hintersed

136 3171 214 3218 satae
243 3181 278 3216 ιιι
305 3164 405 3230 denen,
434 3165 532 3234 quibus
562 3167 696 3221 actionem
752 3183 788 3220 zu
805 3167 967 3234 erginsent
1017 3183 1049 3219 ur
1067 3166 1157 3218 Saulis
1174 3168 1230 3234 rgl.
1250 3168 1316 3234 vil,

137 3240 244 3285 mutare
261 3231 345 3284 facile
362 3235 424 3298 est),
444 3240 494 3285 aut
505 3234 698 3286 conticescunt
753 3240 793 3295 10,
828 3240 859 3288 t:
897 3250 952 3286 non
981 3234 1054 3285 snitu
1089 3251 1175 3286 cansa
1204 3241 1315 3288 tentum

138 3299 174 3352 ad
204 3299 253 3351 lios
288 3316 369 3352 casus
398 3307 448 3352 sut
476 3301 698 3369 frequentissime
752 3300 881 3354 universe
911 3301 939 3352 in
969 3299 1143 3370 quaestiones
1176 3318 1210 3356 ao
1239 3302 1316 3356 locos

135 3367 207 3419 falsa
224 3365 328 3419 dicunt.
357 3365 367 3433 l]
396 3365 517 3436 fallant]
541 3367 631 3420 indem
649 3369 697 3422 das
751 3367 905 3421 diducenda
923 3377 974 3433 est,
992 3367 1038 3420 sed
1058 3368 1108 3420 liae
1125 3369 1202 3435 ipsas
1221 3379 1316 3438 partes

135 3434 295 3487 Etenna
322 3450 377 3486 von
406 3433 466 3487 dem
502 3437 615 3502 Gegner
647 3451 698 3502 gar
753 3435 856 3488 habent
873 3453 968 3488 rursus
986 3435 1109 3489 ordinem
1130 3453 1218 3490 snum.
1241 3436 1316 3506 ]in—

136 3501 215 3554 nicht
231 3501 415 3569 vorgebracht
432 3501 511 3556 wird.
752 3504 870 3570 terbelli]
903 3502 948 3555 ein
978 3503 1100 3556 Verbum
1127 3502 1177 3556 der
1200 3505 1315 3573 spitern

143 3596 144 3604 ι
170 3574 196 3621 4.
223 3572 304 3622 malit
325 3614 331 3626 .
351 3611 358 3623 .
378 3608 385 3624 .
407 3571 509 3639 possit]
534 3587 643 3624 woraus
661 3570 697 3624 ist
751 3569 899 3627 Latinius.

132 3636 184 3690 <las
207 3637 324 3689 Sut‘ect
345 3654 381 3691 au
402 3638 589 3692 entnelimsnt
612 3657 635 3693 s.
661 3644 697 3692 et
786 3643 812 3692 6.
841 3639 898 3706 oid]
929 3637 1078 3706 plenmissi
1102 3677 1107 3690 .
1144 3637 1241 3702 Quint.
1272 3640 1310 3706 Il,

137 3708 161 3765 1,
179 3707 204 3755 t.
224 3703 285 3770 Vg.
305 3706 376 3756 anch
394 3709 420 3769 S.
438 3711 501 3762 25:
755 3709 793 3768 17,
812 3709 859 3758 41:
877 3705 931 3772 via,
949 3705 978 3758 id
996 3713 1037 3758 est
1049 3654 1155 3759 ordine.
1190 3705 1223 3758 Iu
1242 3707 1313 3759 ihu·

170 3775 193 3824 5.
214 3773 393 3837 nequeenim
412 3811 418 3823 .
437 3813 466 3828 ..
487 3791 588 3827 cursus
606 3781 696 3841 potest
751 3773 838 3826 lichen
854 3773 957 3842 Weiss,
981 3773 1033 3826 wis
1051 3774 1110 3826 loco
1132 3791 1154 3826 s.
1179 3791 1205 3836 v,
1224 3791 1250 3828 a.
1269 3791 1315 3829 ani

137 3879 144 3891 .
164 3877 171 3892 .
191 3837 216 3906 .]
232 3838 282 3890 der
301 3838 399 3892 Grund
418 3839 487 3892 wird
504 3839 534 3891 in
552 3840 596 3892 die
612 3843 695 3896 llos-ni
749 3841 863 3895 rechten
884 3841 961 3894 Orte.
992 3841 1003 3909 ]
1023 3839 1124 3906 scient]
1143 3839 1192 3893 der
1209 3841 1313 3896 Ueter-

54 3943 58 3953 .
132 3906 209 3958 eines
222 3904 404 3958 Gleicbuisses
417 3907 609 3973 eingekleidet.
629 3909 697 3960 ‘Der
750 3924 826 3976 gang
848 3909 948 3961 iudan
967 3907 1089 3960 Pluralis
1112 3907 1315 3962 wirdvermit·

135 3973 213 4026 Lsni
238 3973 313 4024 kann
344 3972 421 4026 nicht
455 3975 520 4026 aher
554 3992 605 4026 vor
638 3975 695 4028 sich
751 3975 802 4028 telt
819 3975 1012 4028 durchdanin
1027 3975 1087 4026 deni
1101 3974 1313 4042 Vorlrergelren·

133 4043 222 4108 gehen
245 4077 252 4090 .
277 4078 283 4090 .
305 4046 323 4092 .'
358 4042 396 4093 So
419 4040 471 4094 wia
490 4058 552 4094 man
575 4042 619 4095 bei
636 4044 695 4094 dem
750 4042 801 4094 den
824 4042 1015 4110 gebrauchten
1033 4041 1153 4095 Pluralis
1178 4043 1310 4098 homines.

135 4106 355 4160 anzntretendan
377 4107 466 4162 Leuis
487 4108 537 4162 das
560 4108 619 4161 Ziel
639 4109 696 4162 und
751 4109 763 4178 ]]
784 4109 928 4177 sensibus]
951 4127 972 4163 e.
995 4125 1030 4162 sn
1052 4115 1082 4178 3,
1107 4113 1149 4162 33.
1184 4109 1195 4179 ]
1225 4109 1311 4180 citra]

132 4175 186 4228 den
217 4175 288 4242 weg
318 4175 425 4228 tannen
455 4192 536 4242 mnas,
565 4195 595 4230 so
623 4194 694 4230 musa
748 4194 770 4228 s.
791 4181 814 4240 1,
833 4183 859 4232 2.

135 4243 207 4295 auch
225 4242 275 4295 dar
293 4241 336 4294 bei
348 4241 397 4296 der
408 4242 482 4296 Reda
497 4259 531 4297 sn
544 4245 695 4297 nehmcnde
783 4249 808 4298 7.
838 4262 910 4312 qnae
939 4241 1154 4314 proposuerint]
1184 4245 1312 4300 absoluti

114 4311 219 4378 ‘Gang
229 4310 354 4363 bekannt
365 4310 433 4367 sein.
469 4311 693 4379 Wasdahinge-
747 4328 805 4364 was
842 4311 883 4365 sia
925 4311 1083 4380 ansgestellt
1123 4313 1222 4368 haben.
1275 4315 1310 4368 ln

134 4377 208 4444 ludit,
225 4377 333 4445 ergiebt
349 4377 408 4431 sicli
427 4395 476 4433 aas
494 4377 555 4433 dem
574 4379 692 4447 llolgen-
747 4378 910 4448 Benialsnng
939 4379 1040 4433 darauf
1071 4379 1108 4433 ist
1136 4380 1250 4450 expletis
1275 4404 1312 4428 ει
