3028 4882
217 248 260 312 64
537 306 543 320 ,
664 247 783 302 turus
802 247 836 314 v,
857 253 967 302 11-12.

212 411 383 496 multiplici
398 433 620 494 personarum,
635 433 818 494 oeueurum,
837 415 1032 494 temporum,
1046 411 1205 493 locorum,
1220 409 1388 493 dictorum,

211 500 373 566 festorum
396 499 581 564 diversitate
604 501 697 564 facile
722 501 886 564 delitescet
907 499 1091 582 iufirmitas,
1120 501 1171 562 tot
1194 520 1227 562 se
1245 498 1388 584 undique

170 599 200 646 11
213 589 324 672 rebus,
347 608 385 652 ex
408 589 524 673 quibus
548 589 689 672 aliquam
714 587 947 674 adprehendes,
971 587 1189 654 offerentibus.
1224 586 1305 652 illud
1325 589 1389 653 vir·
1433 629 1439 636 ·

213 677 294 742 tutis
317 678 469 748 indicium
493 681 555 755 est,
577 678 711 742 fimdere
734 699 816 762 quae
840 679 957 740 natura
970 679 1138 741 contracte
1156 679 1246 759 sunt,
1270 697 1387 762 sugere

213 788 328 851 parva,
350 767 541 830 varietatem
564 766 738 850 similibus,
760 767 960 852 voluptatem
975 765 1128 849 expositis
1152 765 1227 828 dare
1251 767 1283 828 et
1306 766 1387 832 hene

169 949 172 956 1
214 855 318 920 disere
341 857 444 919 mulla
468 855 506 918 de
532 855 651 939 paucis.

301 943 341 1008 Iu
367 945 428 1008 hoe
456 944 576 1027 optime
604 943 724 1008 facient
751 944 895 1008 infinitae
924 943 1145 1028 quaestiones,
1171 965 1251 1027 quas
1278 944 1388 1008 vocari

213 1033 314 1097 thesis
338 1032 492 1112 diximus,
515 1031 631 1117 quihus
647 1031 757 1098 Cicero
781 1033 847 1098 iem
869 1033 1018 1116 princeps
1041 1033 1077 1096 iu
1095 1035 1129 1095 're
1152 1032 1281 1115 publiea
1300 1053 1387 1096 exer-

171 1127 202 1176 12
215 1122 280 1186 ueri
296 1122 436 1192 solebat.
477 1121 527 1185 his
552 1122 686 1187 confinis
710 1127 760 1186 est
781 1121 957 1186 destructio
982 1125 1019 1184 et,
1037 1120 1238 1186 confirmatio
1263 1124 1388 1186 seuleu-

212 1210 340 1274 lierum.
376 1232 453 1274 nam
476 1232 549 1275 eum
573 1211 615 1275 sit
629 1211 787 1275 sententia
810 1210 972 1274 decretum
996 1209 1158 1294 quoddam
1177 1212 1273 1294 etque
1296 1231 1388 1293 pree-

214 1301 356 1383 eeptum,
384 1299 469 1383 quod
493 1299 531 1363 de
555 1322 602 1383 re,
629 1300 715 1364 idem
743 1299 781 1362 de
808 1298 926 1363 iudicio
948 1299 995 1362 rei
1022 1299 1139 1384 quaeri,
1159 1301 1277 1381 polest.
1317 1302 1387 1364 tum

211 1387 275 1452 loci
299 1409 497 1470 communes,
521 1411 601 1472 quos
616 1389 713 1452 etiem
737 1387 872 1471 scriptos
888 1388 928 1452 eb
953 1387 1134 1452 oratoribus
1158 1387 1284 1452 seimus.
1310 1409 1388 1450 uem

214 1477 268 1560 qui
295 1476 374 1542 huso
397 1480 485 1540 reete
511 1478 640 1540 tantum
668 1479 702 1540 et
729 1477 764 1540 in
786 1476 892 1540 nullos
920 1475 1020 1540 flexus
1048 1475 1229 1540 recedentis
1257 1475 1386 1559 copiose

214 1649 280 1702 oder
296 1653 398 1717 gethan
418 1651 464 1718 ist,
482 1651 636 1704 Rdeksicht
654 1668 689 1704 zu
707 1651 773 1703 neh·

213 1736 274 1770 ruen
294 1719 350 1770 hat.
387 1723 502 1772 Anststt
519 1719 566 1772 des
588 1719 696 1772 blossen
717 1720 772 1771 Ab·

213 1785 294 1839 letivs
316 1787 421 1839 hinnte
451 1787 520 1838 aueh
544 1788 654 1840 stehen:
677 1787 773 1840 inille

214 1894 220 1906 .
242 1895 248 1905 .
270 1895 277 1908 .
308 1854 317 1921 ΙΙ
347 1853 514 1935 eausaruml
529 1854 565 1908 da
582 1854 626 1906 die
643 1854 709 1912 ,hier
728 1872 772 1907 er·

212 1920 324 1974 wihute
344 1921 487 1975 diversitas
505 1940 535 1974 sn
553 1922 605 1976 den
619 1923 771 1990 angegebe·

214 2005 267 2040 nen
286 1989 450 2042 Hinsiehten
468 1990 512 2041 bei
524 1989 596 2042 allen
610 1990 771 2043 wirlrlichen

213 2057 402 2109 Rechtsfallen
416 2057 526 2122 (causis)
539 2059 693 2110 vorkorurnt
705 2057 771 2124 (vgl.

212 2125 271 2188 ΙΙΙ,
294 2131 323 2188 5,
349 2129 380 2178 18
404 2127 459 2177 und
482 2126 540 2178 Cio.
563 2134 621 2194 top.
645 2130 690 2187 21,
714 2127 772 2190 80),

213 2211 243 2244 so
266 2193 342 2244 kann
365 2209 508 2246 causarum
536 2193 564 2245 in
589 2193 678 2248 dieser
705 2192 772 2244 Ver·

211 2260 336 2326 bindung
354 2277 406 2312 nur
423 2261 561 2326 einzelne,
582 2279 616 2312 zu
630 2260 677 2312 der
689 2277 773 2313 cause

212 2327 247 2378 im
262 2328 375 2379 weitern
390 2329 477 2380 Sinne
489 2328 641 2395 gehdrende
656 2328 772 2380 Rechts-

213 2395 309 2461 fragen
326 2395 500 2447 bezeichnen.

247 2469 287 2514 11.
316 2463 448 2529 fundere]
479 2463 605 2526 dilatare,
636 2464 771 2532 copiosius

212 2537 241 2582 et
259 2529 340 2583 letius
359 2531 466 2586 efferre.
502 2531 564 2599 Vgl.
586 2538 610 2599 1,
629 2538 674 2585 73:
694 2532 770 2585 fusus

193 2597 376 2652 Herodotus.
410 2599 420 2666 ΙΙ
450 2602 592 2668 expositis]
614 2601 770 2652 Bekanntes

212 2666 268 2717 und
287 2665 474 2734 Alltiigliehes,
500 2685 555 2719 was
573 2669 639 2720 eben
659 2667 770 2721 deshalb

211 2733 770 2874 stt?t¹‘t‘'tt‘ttlttttmllt'

212 2876 279 2921 5=
301 2869 335 2921 ed
353 2870 415 2934 hoe,
438 2865 489 2922 zur
511 2871 702 2938 Bezeiehnung
724 2842 770 2924 dei

213 2937 343 2989 Zweekes
373 2938 438 2989 oder
466 2938 562 2992 Zieles.
597 2940 701 3006 Wegen
728 2940 771 2991 fa-

212 3005 287 3056 cient
304 3005 360 3070 vgl.
375 3010 399 3068 7,
418 3010 443 3057 4.
460 3006 470 3072 ΙΙ
483 3008 612 3072 infinitae
629 3009 770 3074 quaestio·

211 3067 463 3206 disistit-¹25.
478 3073 632 3207 Aliibilf
651 3075 771 3194 pipp,

467 3185 473 3196 ·
566 3181 571 3191 ·
635 3181 643 3204 s
680 3180 687 3207 s
752 3179 769 3194 ··

211 3206 339 3260 infinitae
357 3219 436 3268 sunt,
456 3225 525 3276 quse
544 3209 656 3262 remotis
675 3217 786 3278 perso·'

213 3275 255 3327 nis
273 3285 301 3326 et
319 3275 486 3344 temporibus
498 3284 526 3328 et
538 3276 605 3330 locis
619 3277 771 3346 ceterisque

211 3342 341 3395 similibus
358 3345 387 3395 in
408 3351 552 3412 utramque
572 3345 676 3411 partem
694 3358 768 3398 trae-

212 3418 324 3478 tentur,
346 3411 418 3480 quod
437 3413 537 3464 Graeci
560 3410 647 3466 θέσιν
665 3413 769 3477 dicunt,

212 3478 309 3530 Cicero
331 3478 503 3546 propositum
528 3480 600 3542 (eine
620 3481 768 3548 Aufgebe)‚

212 3544 260 3597 alii
282 3547 454 3612 quaestiones
478 3547 644 3600 universales
666 3548 769 3614 civiles,

212 3611 261 3664 elii
282 3613 458 3680 quaestiones
481 3613 645 3684 philosopho
669 3633 769 3668 conve-

213 3680 331 3746 nientes,
358 3681 516 3733 Athenaeus
539 3693 644 3750 partem
673 3700 770 3736 sauses

105 3799 112 3815 ,
212 3748 342 3816 appellat.
363 3749 414 3800 hoo
431 3765 517 3815 genus
535 3749 630 3801 Cicero
653 3750 770 3803 seientia

211 3823 240 3868 et
262 3817 370 3868 actione
392 3817 553 3885 distinguit,
578 3826 610 3869 ut
628 3818 663 3870 sit
680 3818 770 3870 seien-

211 3884 267 3935 tiae
285 3884 356 3949 (eine
372 3884 636 3938 wissenschaftliche
650 3887 768 3952 Frage):

211 3968 247 4002 an
277 3952 454 4020 providentie
485 3953 600 4006 mundus
633 3955 769 4021 regetur?

210 4019 327 4072 actionis
349 4021 516 4087 (praktische
535 4023 651 4088 Frugele
671 4039 703 4074 ac
722 4038 767 4073 ec-

211 4087 359 4140 cedendum
379 4089 414 4140 ad
432 4104 486 4140 reni
501 4090 635 4156 publicam
655 4089 769 4142 admini-

210 4155 373 4208 strandam?
402 4157 457 4208 Des
488 4157 650 4224 Gegentheil
678 4159 768 4210 devon

211 4221 273 4273 sind
292 4223 387 4275 finitae
399 4225 586 4291 quaestionem
606 4243 627 4277 s.
640 4226 765 4278 ebendas.

212 4294 240 4340 i:
265 4289 362 4342 finitae
381 4300 472 4343 autem
491 4303 557 4346 sunt
577 4311 609 4344 er
627 4293 767 4362 complexu

827 1666 988 1720 rerumque:
1008 1651 1058 1703 hae
1075 1645 1233 1712 ὑποθέσεις
1256 1668 1273 1702 a
1297 1652 1386 1702 Gree-

827 1720 866 1771 eis
887 1718 1027 1782 dicuntur,
1050 1734 1151 1770 causae
1173 1735 1189 1770 a
1212 1718 1321 1771 nostris.
1357 1718 1386 1769 in

828 1787 869 1839 his
899 1786 985 1840 omnis
1016 1785 1138 1854 quaestio
1168 1785 1279 1838 videtur
1313 1785 1387 1838 eirea

826 1871 869 1907 res
883 1871 1065 1922 personasque
1086 1853 1242 1910 consistere.
1271 1852 1386 1920 amplior

814 1935 816 1938 ’
827 1932 871 1976 est
881 1939 988 1990 semper
999 1921 1125 1973 infinita:
1143 1921 1208 1973 inde
1221 1920 1292 1974 enisu
1306 1920 1387 1973 finita

827 1989 976 2043 deseendit.
1008 1989 1081 2056 quod
1098 1998 1129 2040 ut
1146 1991 1266 2057 exemplo
1280 1997 1386 2059 pateat.

825 2057 938 2110 infinita
967 2064 1022 2109 est:
1054 2064 1107 2108 ‘an
1132 2075 1200 2110 uxor
1229 2056 1385 2109 ducenda‘i'

810 2126 920 2184 .finita=
954 2133 1002 2177 ‘an
1037 2125 1139 2177 Catoni
1177 2124 1333 2177 duceudal’
1373 2127 1383 2192 ΙΙ

826 2210 899 2262 quas
919 2232 925 2244 .
944 2235 951 2248 .
971 2233 977 2246 .
997 2189 1131 2312 disimuq]
1149 2211 1186 2245 en
1204 2191 1251 2244 der
1262 2194 1328 2244 eben
1341 2210 1385 2244 er·

827 2261 958 2312 wdhnten
975 2259 1060 2312 stelle
1079 2261 1106 2312 II
1124 2300 1131 2326 ,
1150 2267 1176 2325 5,
1195 2266 1221 2312 5.
1247 2259 1257 2326 ss
1281 2261 1384 2329 Cicero]

827 2329 862 2383 ad
884 2329 944 2381 Ast.
967 2333 997 2391 9,
1021 2332 1051 2380 4:
1076 2346 1110 2379 ne
1127 2345 1168 2380 me
1189 2328 1385 2394 totum'eegri-

827 2396 919 2449 tudini
936 2394 1040 2459 dedam,
1058 2396 1161 2463 sumpsi
1178 2395 1245 2448 mihi
1256 2396 1385 2463 quasdam

828 2474 964 2532 tamquam
988 2462 1083 2529 thesis,
1103 2463 1158 2515 und
1182 2463 1245 2528 ibid.
1269 2468 1295 2527 9,
1313 2467 1336 2522 9,
1357 2468 1384 2514 1;

824 2531 923 2592 θέσεις
935 2549 1007 2584 meas
1022 2532 1200 2584 commentari
1214 2548 1268 2582 non
1280 2530 1384 2585 desino.

824 2601 889 2653 Dies
898 2599 1005 2652 schrieb
1016 2617 1045 2651 er
1059 2599 1094 2651 im
1105 2599 1131 2654 J.
1140 2603 1173 2652 49
1184 2617 1209 2654 v,
1221 2598 1251 2651 C.
1269 2598 1384 2651 Hierhin

824 2669 900 2720 kann
919 2684 981 2719 men
1000 2667 1070 2719 auch
1087 2667 1130 2718 die
1142 2667 1288 2720 Paradoxa
1305 2666 1385 2718 reeh·

825 2753 889 2800 nen,
907 2735 991 2786 deren
1011 2735 1169 2802 Ablassung
1180 2734 1313 2787 ebenfalls
1331 2734 1383 2785 den

825 2803 928 2922 letpten
955 2801 1158 2872 Lebensjshren
1187 2803 1308 2854 Cicero's
1335 2819 1385 2854 eu-

825 2888 859 2938 ge
880 2871 932 2922 ὅτι.

860 2943 899 2990 12.
918 2937 1047 3006 confinis]
1067 2937 1095 2989 in
1114 2939 1312 3006 iibertragener
1330 2938 1383 2990 Be·

825 3006 951 3072 deutung
975 3005 1016 3057 oft
1038 3001 1081 3058 bei
1105 3006 1217 3070 Quint,
1243 3005 1319 3058 nieht
1340 3003 1385 3056 bei

825 3074 932 3126 Cicero.
951 3073 961 3140 ΙΙ
979 3073 1149 3192 destruetiop¹
1166 3067 1322 3140 ἄνασκευή,
1341 3089 1383 3125 re·

823 3140 942 3204 futatim
961 3140 1009 3194 das
1021 3143 1130 3208 Gegeut
1150 3141 1197 3196 eil:
1211 3141 1384 3208 κατασκευή,

825 3209 1008 3274 confirmatio,
1033 3208 1170 3275 probetis.
1196 3209 1206 3276 ΙΙ
1230 3211 1382 3262 sententia-

825 3274 899 3346 rum]
918 3277 1045 3329 Richters
1068 3277 1162 3330 riiehe.
1178 3277 1188 3344 ΙΙ
1202 3279 1253 3329 loci
1266 3295 1383 3329 eommu-

824 3343 884 3414 nes]
910 3297 1125 3414 Gemeinpditze,
1149 3344 1308 3412 allgemeine
1327 3344 1381 3396 Be·

824 3413 1019 3480 trsehtungen.
1056 3413 1112 3464 Cic.
1136 3412 1170 3464 de
1194 3419 1263 3464 orat.
1286 3418 1315 3469 3,
1339 3417 1382 3477 27,

825 3485 886 3533 106:
910 3478 951 3530 illi
974 3477 1036 3542 loci,
1055 3481 1102 3549 qui
1121 3520 1128 3532 .
1149 3520 1155 3534 .
1177 3520 1184 3534 .
1204 3480 1237 3531 de
1256 3480 1383 3532 universa

824 3565 853 3600 re
871 3547 986 3599 tractari
1005 3547 1102 3608 solent,
1128 3563 1282 3600 communes
1301 3563 1317 3598 e
1333 3565 1381 3604 ae·

824 3615 926 3667 teribus
951 3615 1086 3667 nominati
1109 3624 1185 3667 sunt.
1222 3615 1320 3678 Quint.
1344 3615 1383 3682 ΙΙ,

823 3689 849 3748 4,
867 3687 914 3734 22:
933 3681 1029 3750 quibus
1043 3684 1113 3736 citra
1133 3700 1263 3752 personas
1274 3683 1302 3734 in
1321 3683 1383 3752 ipsa

824 3749 892 3802 vitia
922 3754 1004 3803 moris
1033 3758 1075 3803 est
1105 3769 1235 3820 perorare
1288 3759 1320 3803 ut
1354 3751 1383 3802 in

824 3815 986 3884 adulterum,
1004 3818 1157 3878 aleatorem,
1175 3790 1354 3888 petulantem.
1370 3819 1381 3886 ll

824 3902 892 3953 quos
917 3925 923 3937 .
948 3926 953 3936 .
979 3926 984 3938 .
1010 3884 1123 3958 ecimus]
1141 3886 1179 3951 ΙΙ,
1203 3893 1226 3952 1,
1247 3891 1383 3938 11:00111-

823 3969 918 4006 munes
942 3952 1010 4021 loci,
1032 3953 1090 4008 sive
1113 3955 1160 4035 qui
1184 3953 1295 4007 suntin
1315 3953 1384 4007 vitia

823 4021 939 4087 desecti,
962 4022 1056 4090 quales
1075 4023 1190 4089 legimus
1215 4040 1231 4074 a
1250 4022 1383 4074 Cicerone

824 4089 1002 4158 compositos,
1021 4107 1069 4143 seu
1088 4091 1187 4159 quibus
1208 4091 1383 4157 quaestiones

822 4156 988 4224 generaliter
1009 4164 1177 4224 tractantur,
1202 4155 1295 4226 quales
1316 4168 1384 4210 sunt

822 4224 890 4276 editi
912 4243 928 4276 a
952 4225 1058 4288 Quinto
1088 4242 1195 4294 quoque
1218 4225 1384 4289 Hortensio,

823 4301 866 4345 ut:
886 4292 969 4345 ‘sitne
981 4293 1072 4362 parvis
1086 4293 1254 4360 argumentis
1268 4294 1383 4346 ereden-

209 4375 311 4426 rerum,
329 4375 516 4425 personarum,
529 4369 680 4430 temporum
694 4369 767 4416 cete·
821 4361 917 4412 dum‘l’
941 4369 969 4414 et
991 4379 1041 4430 pro
1061 4363 1175 4415 testibus
1194 4368 1222 4412 et
1240 4361 1268 4418 in
1287 4369 1382 4415 testes.
