3028 4882
217 261 260 326 62
669 263 788 318 assur
806 265 840 331 v,
860 269 936 317 e-s.

213 427 291 492 dicit
313 426 491 490 factitasse:
513 425 547 489 id
562 424 673 491 Cicero
689 449 747 492 sua
768 427 838 510 ipse
852 448 992 510 persona
1014 425 1273 510 frequentissime
1295 448 1393 510 prae·

214 516 305 600 cipit,
328 515 405 598 quin
429 515 526 578 etiam
548 516 648 580 libros
671 515 817 580 Platonis
841 519 937 600 atque
953 513 1180 598 Xenophontis
1204 515 1303 579 edidit
1324 515 1391 581 hoe

214 625 331 690 genere
354 604 543 668 translatos:
572 605 605 669 id
627 603 785 669 Messalae
808 604 943 688 placuit,
969 605 1152 688 multaeque
1180 607 1256 668 sunt
1283 605 1390 668 abeo

213 693 351 776 scriptae
379 693 419 758 ad
447 693 533 758 hunc
562 693 693 758 modum
720 694 897 776 orationes,
930 693 1008 757 adeo
1038 695 1073 756 ut
1105 693 1202 758 etiam
1231 716 1304 758 oum
1330 693 1391 758 illa

212 779 384 866 Hyperidis
408 803 466 865 pro
490 781 622 865 Phryne
650 782 839 847 difficillima
861 780 1018 846 Romanis
1048 781 1226 846 subtilitate
1254 786 1389 847 conten-

187 870 312 934 tderet.
353 873 386 934 et
413 870 584 934 manifesta
613 874 662 935 est
690 871 927 935 exercitationis
955 871 1088 935 huiusce
1116 871 1208 934 ratic.
1250 893 1326 935 narn
1353 874 1391 934 et

213 980 319 1022 rerum
352 959 444 1042 copia
476 960 583 1043 graeci
611 963 758 1025 auctores
787 959 953 1024 abundant
980 964 1013 1023 et
1043 959 1218 1042 plurimum
1246 960 1324 1024 artis
1349 959 1390 1022 in

213 1047 429 1132 eloquentiam
452 1048 633 1113 intulerunt
652 1053 685 1112 et
706 1049 767 1114 hos
790 1048 1060 1113 transferentibus
1074 1049 1179 1112 verbis
1194 1049 1243 1112 uti
1256 1049 1391 1132 optimis

213 1137 302 1200 licet:
318 1137 467 1202 omnibus
482 1138 568 1200 enirn
582 1138 704 1202 utimur
717 1138 847 1203 nostris.
879 1138 998 1222 figuras
1013 1159 1103 1221 vero,
1118 1137 1234 1221 quibus
1248 1137 1389 1200 maxime

214 1229 347 1290 ornatur
371 1225 488 1310 oratio,
515 1227 634 1290 multas
662 1248 700 1290 ac
726 1227 832 1292 varias
855 1225 1059 1310 excogitandi
1088 1227 1185 1290 etiam
1212 1227 1390 1291 necessitas

215 1313 457 1399 quaedamst,
481 1315 556 1398 quia
578 1303 766 1400 plerulnque
790 1338 808 1378 a
831 1315 955 1398 graecis
978 1337 1112 1385 romana
1134 1315 1336 1379 dissentiunt.

186 1420 204 1468 4
305 1400 367 1466 Sed
390 1405 422 1466 et
444 1403 501 1466 illa
524 1425 562 1466 ex
585 1404 695 1468 latinis
711 1404 876 1469 conversio
900 1405 1037 1468 multum
1057 1408 1089 1467 et
1111 1404 1183 1488 ipsa
1207 1404 1389 1468 contulerit.

215 1513 252 1556 aa
276 1491 314 1554 de
342 1490 537 1555 carminibus
566 1492 694 1576 quidem
721 1493 882 1556 neminem
914 1492 1008 1556 credo
1037 1492 1197 1577 dubitare,
1225 1515 1288 1576 quo
1316 1493 1391 1556 solo

216 1601 332 1666 genere
351 1580 589 1645 exercitationis
612 1581 729 1646 dicitur
756 1603 833 1644 usus
861 1602 930 1646 esse
955 1579 1122 1664 Sulpicius.
1158 1603 1234 1646 narn
1263 1585 1295 1646 et
1313 1581 1387 1645 sub·

215 1669 300 1754 limis
324 1661 455 1751 spiritus
471 1669 625 1733 adtollere
641 1670 821 1735 orationem
843 1672 964 1752 potest,
988 1674 1021 1734 et
1034 1670 1132 1733 verba
1153 1671 1279 1753 poetica
1293 1671 1390 1734 liber-

215 1761 282 1822 tate
305 1757 477 1821 audaciora
498 1780 566 1823 non
589 1762 801 1843 praesumunt
830 1759 964 1822 eandem
987 1759 1116 1843 proprie
1140 1758 1265 1823 dicendi
1287 1759 1388 1822 facul-

214 1850 324 1911 tatem.
357 1846 412 1910 sed
436 1851 468 1910 et
491 1848 569 1931 ipsis
594 1849 762 1913 sententiis
787 1847 911 1912 adicere
935 1848 1011 1911 licet
1034 1847 1211 1912 oratorium
1234 1848 1331 1912 robur
1354 1851 1390 1911 et

188 1936 338 2000 5omissa
357 1936 504 2018 supplere
528 1940 560 2000 et
583 1937 683 2000 effusa
697 1937 926 2021 substringere.
963 1957 1066 2019 neque
1081 1957 1141 2021 ego
1165 1935 1389 2019 paraphrasim

217 2045 286 2088 esse
313 2025 618 2108 interpretationem
641 2028 769 2090 tanturn
796 2025 885 2108 volo,
918 2023 972 2088 sed
1006 2024 1090 2088 circa
1118 2025 1247 2089 eosdem
1274 2047 1391 2088 sensus

217 2117 380 2177 certamen
403 2116 499 2196 atque
527 2114 784 2178 aemulationem.
825 2113 960 2196 ideoque
984 2113 1024 2177 ab
1051 2113 1115 2177 illis
1139 2113 1305 2198 dissentio,
1332 2114 1390 2197 qui

217 2297 359 2348 oratorum
381 2303 492 2353 graecas
523 2287 661 2341 orationes
688 2289 774 2358 expli·
829 2287 869 2341 als
892 2287 940 2339 der
966 2287 1186 2356 Vertheidigung
1202 2289 1248 2341 des
1266 2287 1388 2356 Hyperi-

218 2371 307 2407 cerem
338 2354 374 2418 (d.
405 2354 424 2406 i.
455 2356 658 2420 commentirte,
686 2357 774 2409 durch
829 2356 876 2408 des
899 2355 1065 2422 verdariae,
1096 2356 1202 2409 erzdhlt
1226 2355 1324 2420 Quint.
1348 2355 1389 2421 II,

216 2423 430 2489 Uebertragung
442 2439 490 2474 aus
503 2422 562 2475 dem
577 2423 774 2477 Griechischen
831 2426 871 2488 15,
890 2427 914 2479 9.

215 2491 270 2542 iu's
287 2489 371 2554 Lat).
408 2489 505 2558 quibus
524 2491 600 2544 lectis
624 2492 675 2544 hoc
702 2510 774 2545 asse-
863 2496 889 2544 3.
913 2494 1003 2544 verbis
1022 2493 1065 2544 uti
1084 2491 1203 2560 optimis]
1224 2509 1245 2544 s.
1266 2508 1301 2543 au
1320 2493 1344 2554 S.
1363 2495 1387 2546 2.

217 2559 331 2628 quebar,
355 2567 399 2619 ut,
424 2575 483 2610 curn
507 2577 548 2622 ee,
570 2577 640 2628 quae
657 2559 774 2628 legerem
830 2559 887 2610 Cic.
907 2561 940 2611 de
961 2561 1040 2612 Orat.
1063 2565 1147 2626 1‚34‚
1168 2563 1225 2612 155.
1244 2557 1387 2626 {leuctris}

216 2643 329 2694 graece,
353 2625 438 2679 latine
464 2627 620 2691 redderem,
646 2645 700 2680 non
728 2646 773 2681 so·
830 2627 995 2696 pridicetiv.
1032 2626 1089 2679 Zur
1106 2627 1269 2694 Erlrldrung
1286 2631 1388 2689 s.§.5:

217 2695 272 2746 lum
291 2693 401 2761 optimis
419 2695 508 2747 verbis
528 2703 621 2748 uterer
638 2704 775 2750 ettamen
831 2694 940 2763 optimis
959 2693 1108 2764 occupatis.
1137 2694 1148 2762 ΙΙ
1166 2693 1292 2762 figurae]
1313 2712 1333 2746 s.
1352 2709 1388 2744 zu

218 2761 336 2826 usitatis,
348 2761 394 2814 sed
408 2762 490 2816 etiem
503 2763 680 2832 exprimerem
694 2781 775 2832 qnae·
831 2767 854 2825 1,
878 2767 917 2815 12.
959 2761 1087 2815 Gemeint
1112 2762 1173 2816 siud
1201 2762 1260 2814 hier
1283 2761 1392 2828 figurae

217 2829 279 2882 dam
310 2830 391 2882 verba
420 2830 563 2896 imitando,
598 2848 668 2900 quae
704 2849 776 2884 nova
829 2830 972 2883 verboram
992 2829 1047 2882 und
1066 2847 1142 2884 awar
1160 2828 1376 2898 grammatische.

219 2897 319 2950 nostris
332 2904 432 2964 essent,
450 2898 593 2951 dummodo
611 2909 703 2952 essent
716 2900 775 2951 ido·
863 2935 888 2984 4.
914 2949 946 2983 ex
969 2934 1068 2986 latinis
1086 2935 1212 2986 conversi

218 2981 291 3083 tt
304 2964 314 3031 '¹
327 2983 390 3084 d?
404 2966 617 3084 atttriti]
636 2967 690 3085 {¹13⁸
698 2968 776 3086 dt
831 2999 1077 3068 vestram„
1091 2999 1387 3055 Substanuvendurcr

218 3099 314 3151 Cicero
333 3099 456 3152 awarirn
468 3101 656 3167 Antangeder
693 3101 776 3154 richer
830 3067 1044 3135 primumn
1061 3087 1083 3122 ⁸·
1102 3069 1151 3121 ΚΓ·
1173 3071 1222 3121 Gr·
1243 3073 1339 3134 §.dot
1355 3065 1387 3120 Ζ·

218 3168 251 3220 <a
278 3167 376 3220 officie
407 3167 463 3219 une
490 3166 522 3220 ue
553 3169 668 3234 sessu„
705 3169 775 3221 roes
830 3138 856 3200 3·
876 3139 933 3188 681·
955 3136 965 3202 ΙΙ
987 3139 1104 3216 metrop
1122 3133 1242 3257 etipsa]
1260 3135 1314 3190 viel
1333 3133 1389 3214 uod

220 3236 286 3288 liisst
306 3234 364 3286 sich
388 3235 449 3287 eine
471 3236 570 3303 Stella,
594 3255 636 3290 wo
660 3255 690 3289 er
712 3255 776 3290 aus·
831 3220 965 3323 {vigam
990 3204 1045 3323 {nd
1068 3205 1114 3256 fur
1134 3222 1173 3256 ⁸¹⁰
1214 3205 1313 3324 nstin}
1337 3220 1390 3295 “¹40

218 3301 358 3356 drdcklich
372 3303 776 3372 dieUebersetaungsdbungen
843 3314 855 3360 ,·
951 3289 995 3326 ¹⁰⁰
1007 3279 1064 3324 tum
1088 3280 1116 3325 ‘³‘
1136 3288 1353 3354 lerflessflmff·
1368 3272 1386 3352 ‚d

219 3370 370 3452 empfiehlt‚
387 3371 465 3424 nicht
482 3372 660 3425 nechweisen.
681 3372 691 3440 ΙΙ
708 3375 775 3466 Pla·
831 3337 1028 3474 zsxswc‘plll·
1047 3344 1108 3460 idi·
1127 3339 1390 3461 llefgltlulgnwaffiss

218 3447 400 3558 'lll'iiriiiudtddd
413 3439 777 3578 igididgdih'iiwedblpilibd’d
830 3473 966 3554 ⁸Pl¹it¹¹¹¹¹·
987 3447 1011 3542 ¹:
1024 3476 1197 3556 ⁶1²⁸ldl¹it⁰⁸
1211 3474 1387 3568 massdlfioens

220 3573 427 3626 Oeconomicus.
459 3573 469 3640 p
498 3576 549 3626 ΙΝ,
566 3575 673 3644 mere]
702 3594 723 3629 s,
742 3593 776 3628 w
831 3549 880 3593 tra.
916 3548 939 3605 3,
968 3547 1013 3594 22:
1040 3543 1189 3595 beatiorem
1217 3550 1351 3610 spiritum.
1374 3541 1385 3607 ;1

1214 2934 1240 3014 ο]
1261 2933 1326 2986 tiber
1343 2932 1392 2982 die

218 3645 295 3706 122ss
314 3639 369 3692 unp
389 3645 474 3692 unte„
493 3645 517 3706 §-
536 3647 559 3699 7⁸
621 3643 774 3710 Menalae]
830 3607 996 3679 arationem]
1022 3609 1074 3661 den
1101 3611 1295 3664 reduerischen
1326 3608 1390 3661 oder

830 3675 987 3745 tiberhaupt
1020 3678 1072 3729 den
1106 3678 1281 3747 proseischen
1318 3675 1389 3729 Aus-

829 3743 930 3806 druck‚
955 3744 1006 3796 wie
1029 3745 1085 3802 Cic.
1108 3754 1180 3802 orat.
1204 3751 1249 3810 20,
1274 3751 1306 3800 70
1323 3762 1388 3814 poe-

831 3817 904 3864 mate
933 3811 988 3864 und
1017 3813 1105 3866 oratio
1132 3814 1264 3867 einander
1287 3830 1389 3880 gagen-

831 3879 897 3930 fiber
914 3879 997 3933 stelit.
1012 3880 1022 3948 ll
1035 3880 1157 3951 proprie]
1172 3882 1208 3934 cf.
1224 3888 1249 3948 1,
1264 3885 1287 3934 6.
1301 3881 1310 3947 l
1324 3881 1388 3932 sah-

832 3947 978 4016 etrinaerc]
998 3950 1163 4016 gedrringter
1182 3950 1282 4004 sussen

218 3712 363 3772 s.1‚113.
394 3708 404 3775 ΙΙ
434 3709 585 3778 Hyperidis
615 3729 636 3768 s,
656 3717 681 3776 1,
699 3716 740 3764 77.
761 3713 773 3780 ll

219 3777 370 3844 Hyperidis
400 3794 430 3828 ra
436 3777 562 3845 Phryne.
575 3822 596 3835 ,,
607 3779 774 3846 subtilitate]

218 3843 344 3896 iihnliche
373 3794 576 3913 dreviloquenz
611 3846 670 3901 Cic.
707 3854 776 3898 orat.

219 3917 259 3974 29,
285 3917 347 3966 1082
374 3911 423 3964 illa
451 3930 501 3981 pro
523 3912 625 3966 Roscio
649 3913 775 3966 iuvenilis

218 3979 409 4046 redundantia,
425 3979 465 4041 (in
483 3980 532 4033 der
549 3981 624 4034 Rede
643 3982 687 4034 ntr
704 3981 775 4034 Ros-

220 4046 299 4112 cius).
312 4047 399 4100 Ueber
408 4047 555 4114 subtilitas,
565 4049 776 4113 schmuclrloser,
864 4053 888 4106 5.
907 4051 1117 4119 paraphrasim]
1128 4077 1161 4098 =
1172 4057 1388 4106 conversionem:

220 4114 458 4180 niichternerStil‚
472 4121 620 4182 s.zn2,19.
640 4118 776 4186 {Phrynrd
831 4117 867 4170 ist
888 4118 937 4171 das
960 4120 1082 4187 Snbjeat
1099 4121 1109 4189 ΙΙ
1126 4123 1200 4174 circa
1219 4165 1225 4177 .
1245 4165 1251 4178 .
1271 4167 1277 4177 .
1296 4138 1388 4172 aema-

219 4181 289 4260 eine·
298 4181 385 4234 durch
401 4183 461 4237 ihre
473 4185 623 4266 Schduheit
652 4185 776 4238 eriihmte
831 4183 974 4258 lationem]
1003 4187 1118 4240 ndrnlich
1146 4188 1319 4242 hinsichtlich
1342 4187 1389 4239 der

220 4249 332 4314 Hatera,
359 4249 460 4303 welche
483 4251 532 4304 der
555 4249 673 4320 ασέβεια
692 4271 775 4320 ange·
830 4253 1009 4322 Wiedergabe
1035 4255 1080 4308 des
1103 4257 1269 4310 Gedenkens
1291 4257 1320 4309 in
1343 4255 1390 4306 der

219 4317 298 4385 lrlagt
328 4335 392 4374 iver.
439 4319 508 4373 Desa
538 4320 577 4372 sie
607 4320 666 4373 ihre
695 4322 774 4374 Frei-
829 4320 889 4374 dem
901 4322 1388 4394 OriginaleentsprechcndenFortu.

219 4386 375 4454 sprechnng
387 4383 516 4438 vielnrehr
529 4387 603 4440 ihrer
615 4389 775 4454 Schdnheit,
829 4389 837 4457 ll
850 4392 885 4442 ab
903 4392 961 4443 illie
980 4431 986 4444 .
1006 4432 1011 4445 .
1032 4432 1039 4445 .
1058 4395 1106 4460 qui
1125 4433 1131 4444 .
1150 4431 1182 4448 ..
1204 4391 1314 4460 vetant]
1337 4391 1390 4444 wie
