3028 4882
223 325 266 390 50
658 331 777 386 carun
796 333 960 401 rnre-m

309 492 348 556 Id
381 513 507 576 quoque
534 493 714 577 vitandum,
746 495 780 558 in
813 518 877 580 quo
905 517 1026 581 magna
1057 519 1132 582 pars
1162 504 1261 584 errat,
1293 521 1335 566 ne
1366 503 1402 566 in
1489 495 1490 570 l

222 581 369 645 oratione
391 583 504 664 poetas
527 582 621 647 nobis
646 586 678 646 et
704 583 889 668 historicos,
918 585 953 649 in
979 587 1044 650 illis
1072 587 1222 670 operibus
1251 594 1400 655 oratores

175 687 208 735 aa
223 673 280 733 aut
303 670 533 734 declamatores
556 671 730 736 imitandos
753 677 913 756 putemus.
945 696 1004 738 sua
1018 674 1132 760 cuique
1154 678 1323 760 proposita
1335 680 1399 764 lex,

221 779 297 822 suus
322 758 416 822 decor
431 763 493 822 est:
516 779 575 823 nec
594 760 759 824 comoedia
782 762 816 825 in
832 763 1006 827 cothurnos
1022 763 1181 848 adsurgit,
1203 787 1264 830 nec
1283 771 1399 831 contra

218 847 388 932 tragoedia
410 868 503 912 socco
527 848 715 931 ingreditur.
747 849 847 914 habet
870 854 978 916 tamen
1004 853 1107 918 omnis
1132 854 1315 937 eloquentia
1336 857 1398 920 ali-

174 951 207 1000 23
221 937 297 1020 quid
326 958 509 1000 commune:
536 937 569 999 id
597 935 761 1002 imitemur
789 940 874 1022 quod
902 962 1072 1004 commune
1100 946 1157 1006 est.
1203 943 1300 1006 etiam
1331 945 1398 1010 hoc

219 1027 302 1090 solet
323 1025 519 1089 incommodi
534 1025 675 1090 accidere
695 1027 748 1110 iis,
772 1028 826 1111 qui
841 1051 875 1092 se
889 1030 946 1092 uni
961 1029 1055 1093 alicui
1071 1032 1180 1114 generi
1195 1031 1398 1118 dediderunt,

216 1119 267 1197 ut,
290 1114 317 1178 si
341 1114 497 1196 asperitas
520 1114 560 1178 iis
582 1114 705 1197 placuit
727 1117 875 1200 alicuine,
902 1118 986 1182 hanc
1010 1118 1107 1182 etiam
1130 1121 1165 1182 in
1192 1119 1258 1184 leni
1285 1143 1322 1184 ac
1345 1145 1396 1186 re-

216 1204 315 1266 misso
339 1225 509 1267 causarum
533 1223 649 1288 genere
672 1225 739 1267 non
754 1210 887 1270 exuant:
911 1207 939 1270 si
961 1207 1102 1272 tenuitas
1127 1211 1183 1271 aut
1201 1209 1397 1295 incunditas,

216 1291 251 1354 in
275 1292 397 1375 asperis
425 1291 640 1376 gravibusque
677 1294 782 1357 causis
820 1294 956 1378 ponderi
984 1317 1091 1359 rerum
1118 1319 1233 1380 parum
1260 1319 1395 1383 respon-

216 1380 327 1444 deant:
357 1402 430 1444 cum
460 1381 503 1444 sit
525 1380 650 1444 diversa
677 1403 745 1445 non
772 1404 941 1447 causarum
968 1384 1064 1448 modo
1087 1385 1172 1448 inter
1198 1384 1286 1469 ipsas
1315 1409 1394 1452 con-

215 1469 313 1552 dicio,
337 1469 392 1532 sed
415 1469 451 1531 in
473 1468 610 1552 singulis
626 1470 722 1533 etiam
737 1472 841 1536 causis
864 1474 1019 1558 partium,
1043 1474 1169 1557 sintque
1188 1475 1252 1538 alia
1274 1476 1395 1540 leniter

215 1558 279 1621 alia
302 1579 427 1641 aspere,
455 1557 519 1620 alia
543 1558 702 1621 concitate
730 1559 794 1623 alia
816 1559 963 1644 remisse,
991 1562 1055 1625 alia
1078 1561 1213 1626 docendi
1237 1564 1300 1627 alia
1322 1587 1390 1630 mo-

213 1646 309 1711 vendi
331 1647 437 1730 gratia
461 1645 609 1728 dicenda,
632 1668 768 1729 quorum
787 1649 931 1713 omnium
955 1649 1119 1714 dissimilis
1142 1655 1240 1735 atque
1264 1653 1390 1718 diversa

169 1746 202 1794 24
213 1736 299 1799 inter
314 1757 347 1799 se
361 1735 444 1800 ratio
460 1738 517 1799 est.
553 1735 663 1820 itaque
677 1757 718 1799 ne
739 1736 802 1802 hoc
825 1737 952 1821 quidem
972 1739 1141 1822 suaserim,
1163 1740 1220 1804 uni
1244 1763 1278 1804 se
1293 1741 1391 1806 alicui

212 1825 355 1908 proprie,
383 1846 477 1907 quem
497 1845 558 1908 per
581 1825 689 1888 omnia
712 1829 878 1910 sequatur,
908 1826 1062 1892 addicere.
1096 1829 1193 1912 longe
1222 1831 1388 1912 perfectis·

213 1914 312 1976 simus
336 1911 532 1976 Graecorum
554 1910 803 1997 Demosthenes,
831 1915 951 1999 aliquid
980 1915 1090 1980 tamen
1119 1917 1226 2000 aliquo
1254 1919 1289 1982 in
1314 1919 1387 1984 loco
1487 1965 1488 1988 ι

212 2002 326 2065 melius
355 2001 423 2084 alii,
452 2002 591 2084 plurima
614 2001 675 2065 ille.
718 2002 864 2068 sednon
893 2005 947 2088 qui
970 2006 1107 2069 maxime
1135 2006 1325 2091 imitandus,
1351 2012 1387 2071 et

167 2097 200 2146 25
213 2090 300 2154 solus
324 2087 499 2154 imitandus
524 2093 580 2153 est.
617 2090 693 2173 qnid
718 2091 818 2175 ergo?
841 2114 907 2156 non
931 2096 980 2156 est
994 2095 1073 2158 satis
1088 2094 1197 2158 omnia
1211 2095 1257 2158 sic
1271 2096 1386 2179 dicere,

211 2200 275 2262 quo
298 2179 395 2243 modo
409 2177 452 2242 M.
467 2178 592 2242 Tullius
616 2178 719 2242 dixit?
755 2180 834 2244 mihi
858 2181 985 2265 quidem
1001 2183 1079 2246 satis
1103 2187 1200 2267 esset,
1223 2184 1251 2247 si
1274 2185 1386 2249 omnia

211 2267 364 2352 consequi
396 2288 533 2350 possem.
579 2267 655 2351 quid
687 2272 797 2331 tamen
824 2274 955 2334 noceret
981 2271 1045 2334 vim
1074 2269 1232 2354 Caesaris,
1264 2273 1385 2356 asperi-

209 2360 311 2420 tatem
335 2354 448 2438 anlii,
476 2355 677 2439 diligentiam
700 2354 870 2442 Pollionis,
898 2357 1051 2422 iudicium
1075 2357 1165 2424 Calvi
1192 2361 1385 2443 quibusdam

244 2570 286 2617 22.
314 2564 406 2634 decor]
436 2583 457 2618 e.
486 2571 511 2629 1,
533 2570 574 2623 27,
605 2566 615 2632 ΙΙ
644 2584 693 2618 aec
722 2584 766 2618 co·
821 2568 933 2620 Stachel
951 2567 979 2619 in
999 2568 1051 2621 dea
1067 2569 1175 2621 Hersen
1195 2569 1383 2622 derZuhdrer

207 2635 315 2686 moedia
329 2673 336 2687 .
351 2674 358 2687 .
373 2675 379 2686 .
393 2632 562 2700 ingreditur]
580 2633 690 2686 ihulich
707 2633 765 2687 Ho·
821 2635 1030 2704 zurircklaseeu)
1066 2637 1101 2688 im
1138 2639 1312 2704 Gegeusatze
1346 2655 1382 2691 an

207 2707 260 2754 rat.
278 2718 304 2755 a.
322 2720 350 2772 p.
368 2705 477 2755 89-92.
492 2701 502 2768 ΙΙ
515 2703 596 2754 habet
613 2711 704 2754 tamea
717 2745 724 2758 .
737 2741 764 2755 ..
819 2703 906 2755 ciuem
924 2721 1010 2771 genus
1028 2704 1161 2757 orationis
1181 2722 1240 2758 cum
1264 2705 1381 2758 leuitate

206 2768 357 2839 commune]
373 2769 540 2837 uugeachtet
552 2768 601 2821 der
613 2769 655 2821 lex
667 2769 765 2838 cuique
819 2770 935 2838 quadam
959 2771 1096 2839 aequabili
1118 2772 1268 2842 profluens.
1292 2773 1301 2840 ΙΙ
1326 2775 1380 2825 ali-

193 2837 356 2907 ‘proposita
819 2839 911 2902 cuiue]
938 2855 1033 2904 wegen
1061 2839 1118 2910 der,
1132 2841 1190 2892 bier
1214 2840 1381 2907 ungeachtet

240 2909 281 2958 23.
309 2906 360 2957 nni
387 2905 484 2972 alieni]
513 2906 582 2958 anch
611 2905 640 2955 in
672 2921 763 2971 umge-
819 2905 865 2956 des
885 2903 1149 2960 Conditionalsatzes
1167 2907 1380 2961 erforderlicbea

204 2973 318 3024 kebrter
329 2972 457 3039 Stelluug
469 2977 493 3037 7,
514 2977 558 3025 16:
577 2971 674 3038 irgend
690 2973 765 3024 einer
818 2972 908 3025 vollen
939 2974 1021 3026 Form
1051 2974 1105 3042 vgl.
1136 2993 1162 3028 u.
1192 2992 1217 3027 a.
1243 2981 1268 3042 7,
1292 2980 1377 3030 215.

204 3041 366 3100 einzelneu;
399 3041 439 3092 als
464 3038 613 3107 singularis
642 3055 677 3092 zu
706 3039 763 3091 sin·
819 3045 859 3092 16,
906 3040 945 3092 Es
981 3041 1089 3095 beaieht
1121 3043 1180 3095 sich
1216 3044 1267 3100 auf
1298 3043 1378 3096 einen

203 3106 262 3174 guli
290 3108 448 3174 gebraucht.
488 3108 499 3174 ΙΙ
533 3105 682 3174 asperitas]
714 3108 763 3160 das
817 3107 996 3161 bestimmten.
1027 3109 1037 3175 ΙΙ
1067 3110 1205 3179 tennitas]
1225 3111 1377 3164 Schmuck·

205 3175 370 3241 Gegeutheil
388 3192 442 3227 von
466 3174 565 3227 lenitas
586 3173 641 3226 und
660 3191 759 3242 aequa·
816 3175 957 3242 losigkeit,
994 3176 1126 3229 schlichte
1162 3177 1219 3230 und
1253 3179 1378 3230 eiufeche

203 3242 295 3294 bilitas
307 3242 356 3295 der
368 3241 536 3306 schreibart,
554 3242 655 3294 welche
673 3242 760 3294 durch
815 3243 954 3312 Sprache3
978 3243 1044 3296 fiber
1065 3245 1114 3298 das
1137 3254 1222 3297 tenue
1243 3261 1329 3313 genus
1351 3264 1373 3299 s.

202 3311 373 3380 periodieche
392 3311 564 3379 Abruudung
585 3310 631 3362 des
649 3310 760 3378 Rbyth-
816 3316 839 3372 1,
852 3316 900 3374 443
913 3329 935 3364 s.
949 3312 1020 3364 auch
1033 3313 1148 3365 obenan
1163 3317 1186 3376 §.
1200 3317 1240 3368 19.
1254 3315 1264 3381 11
1277 3315 1376 3366 incun-

203 3396 262 3431 mus
289 3381 441 3432 entetehen.
484 3380 564 3432 Dicae
588 3379 761 3432 verschmiht
815 3379 902 3446 ditae]
922 3380 975 3447 vgl.
995 3385 1017 3443 1,
1032 3385 1073 3434 64.
1086 3380 1098 3448 Ι)
1110 3383 1218 3450 asperia
1229 3381 1376 3446 previbus·

201 3445 245 3496 die
271 3447 413 3516 asperitas.
451 3451 516 3500 Seu.
548 3466 590 3517 ep.
621 3451 670 3498 114
698 3464 758 3498 rer·
814 3465 866 3514 quc
882 3447 988 3514 causis]
1002 3447 1030 3499 in
1044 3448 1166 3500 welcheu
1183 3448 1227 3500 die
1239 3448 1375 3518 asperitas

200 3514 295 3567 bindet
305 3514 390 3566 daher
402 3515 585 3582 praefractam
596 3523 625 3567 et
636 3531 759 3582 asperam
812 3521 842 3567 et
879 3515 979 3567 raritas
999 3515 1130 3568 orationis
1149 3515 1246 3568 ander
1262 3513 1375 3568 rechten

200 3582 433 3648 compositionem.
459 3583 548 3634 Wenu
561 3581 686 3634 indeseeu
700 3580 760 3632 bier
813 3532 898 3634 stelle
916 3583 996 3636 wire.
1017 3582 1026 3650 ΙΙ
1040 3585 1156 3636 docendi
1173 3623 1199 3638 ..
1214 3624 1219 3636 .
1233 3582 1374 3652 movendi]

199 3665 254 3700 von
274 3649 350 3701 einer
368 3649 552 3715 Auwendnng
569 3648 707 3700 derselben
730 3649 759 3700 in
811 3667 833 3704 s.
853 3666 886 3701 au
907 3656 931 3712 1,
948 3654 990 3702 44.

200 3715 256 3767 leni
274 3734 305 3769 ac
318 3717 427 3768 remisso
446 3733 587 3780 censatum
607 3733 705 3782 genere
717 3715 759 3767 die
846 3721 887 3768 24.
907 3717 1052 3786 aequetur]
1071 3735 1167 3785 wegen
1186 3720 1232 3772 des
1244 3719 1373 3786 Subjects

197 3783 275 3836 Rede
292 3784 329 3836 ist
346 3782 400 3836 und
418 3783 560 3836 hieruuter
579 3801 631 3836 nur
642 3782 758 3835 Rechts·
812 3801 834 3835 s.
849 3800 882 3835 au
896 3789 921 3846 1,
934 3789 959 3836 7.
988 3785 1066 3838 Doch
1084 3785 1149 3838 lieet
1162 3787 1220 3840 sich
1239 3788 1287 3839 das
1299 3786 1373 3840 Sab-

199 3852 264 3904 fille
293 3852 458 3905 verstanden
492 3851 601 3904 werden
638 3851 757 3915 kdnnea,
809 3853 867 3918 jeet
885 3851 945 3903 hier
962 3854 1033 3905 auch
1046 3871 1095 3906 aus
1113 3854 1173 3906 dem
1191 3854 1234 3906 bei
1247 3851 1374 3907 addicere

199 3921 302 3973 welche
335 3921 395 3972 eine
431 3919 527 3987 ruhige
564 3918 621 3970 und
656 3917 757 3970 leideu·
812 3918 1096 3974 hinzuzudenhenden
1125 3922 1243 3990 aliquem
1272 3938 1302 3972 er
1322 3921 1373 3972 iu-

198 3988 359 4052 schaftalose
388 3988 511 4056 Sprache
539 3986 693 4051 erforderu,
727 4005 757 4038 so
812 4003 871 4038 aen.
913 3987 923 4054 ll
964 3991 1044 4056 longe
1082 3937 1321 4057 perfectissimual
1350 4005 1372 4041 e.

197 4057 273 4109 kann
313 4065 396 4109 nnter
436 4055 569 4124 asperitas
611 4072 664 4107 nur
698 4052 758 4106 eine
813 4059 895 4113 1‚·39.
914 4057 924 4122 ΙΙ
941 4058 1039 4108 melius
1058 4057 1119 4124 elii]
1139 4073 1234 4125 wegen
1254 4056 1301 4108 der
1319 4055 1370 4107 El-

196 4125 303 4176 scharle
331 4124 386 4177 und
414 4124 518 4190 hestige
544 4123 669 4191 Spraehe
695 4139 756 4173 ver·
811 4122 881 4189 lipse
898 4123 953 4190 vgl.
973 4129 999 4189 3,
1018 4129 1058 4177 25.

197 4192 315 4243 standen
333 4193 401 4256 sein,
429 4191 531 4244 welche
550 4191 606 4243 Cic.
635 4193 667 4242 de
685 4197 754 4242 orat.
845 4191 1371 4262 'zbqnidmoceressdasImperf.er-

196 4257 235 4320 ΙΙ,
263 4264 303 4321 15,
331 4265 364 4312 64
391 4259 430 4312 als
457 4259 591 4329 asperitas
621 4257 755 4310 iudicialis
810 4257 884 4311 klirt
900 4258 958 4309 sich
977 4275 1025 4311 aus
1049 4260 1125 4311 einer
1143 4260 1303 4326 Beaiehung
1322 4259 1375 4310 auf

195 4325 356 4379 bezeichnet
378 4327 407 4379 in
427 4326 606 4393 Verbindung
623 4327 673 4379 mit
695 4343 755 4379 een·
808 4325 1125 4392 desverhergeheudesi
1143 4344 1257 4396 possem.
1288 4326 1370 4378 Ohne

188 4393 344 4448 sentiarum
364 4395 517 4446 forensibus
536 4395 637 4447 eculeis
650 4395 758 4457 (scheri
807 4393 923 4447 dieselbe
941 4393 1037 4446 wiirde
1054 4412 1082 4447 es
1094 4395 1213 4448 heleseu:
1232 4394 1300 4464 quid
1318 4409 1369 4446 no-

212 4460 393 4528 iudringende
416 4461 577 4530 Gadaukeu,
604 4462 648 4514 die
673 4462 753 4514 ihren
808 4469 877 4516 ceet.
900 4462 910 4530 ΙΙ
932 4463 986 4514 aim
1004 4461 1147 4532 Caesarie]
1175 4481 1197 4520 e.
1222 4468 1245 4529 1,
1271 4467 1330 4514 114.
1354 4462 1367 4530 ll
