3028 4882
570 255 689 310 creor
708 256 729 324 1,
749 261 862 311 24-2t.

118 437 180 498 ‘pro
209 413 318 480 Verre.
364 415 560 500 quinetiam
578 409 707 599 ψ

119 504 184 568 erit
207 505 296 569 scire.
340 525 416 566 nam
440 504 479 568 de
503 504 578 568 dom
632 505 686 575 foe

1258 263 1298 325 11

731 437 844 481 causas
868 420 1062 503 utquisque
1091 422 1193 505 egerit
1216 423 1295 487 ut'le

688 505 778 568 ronis
802 505 881 568 dixit
896 503 1038 571 Calidius
1052 512 1085 572 et
1100 531 1159 592 pro
1173 509 1295 576 Milone

121 593 300 657 orationem
328 590 449 656 Brutus
477 588 849 756 exercitatiowia
877 595 1013 678 scripsit,
1041 597 1166 661 etiamsi
1190 599 1294 682 egisse

690 683 734 746 a*
757 749 799 774 Ἣ
820 685 861 766 at,
893 686 927 746 et
958 682 1061 748 Pollio
1094 688 1127 748 et
1154 685 1295 752 Messala
1305 694 1339 743 24

120 767 334 833 defenderunt
366 768 503 852 eosdem,
536 773 568 833 et
599 770 676 833 nobi
727 765 1010 855 pderidinsignes
1041 795 1101 856 pro
1127 773 1293 840 Voluseno

121 855 236 922 Catulo
264 857 400 922 Domitii
427 857 513 940 Afri,
542 855 648 940 Crispi
718 855 829 940 ssihni,
857 858 983 924 Decimi
1005 859 1107 924 Laelii
1130 863 1294 928 orationes

118 947 316 1010 ferebantur.
368 968 471 1030 neque
503 947 537 1009 id
564 947 681 1010 'statim
712 947 834 1031 legenti
866 969 1055 1030 persuasum
1088 949 1142 1032 sit,
1176 952 1294 1035 omnia,

120 703 195 744 eum
227 679 395 745 Cornelius
429 679 541 744 Celsus
572 681 656 744 falso

120 1057 202 1117 quae
231 1035 345 1118 optimi
373 1039 520 1099 auctores
549 1035 700 1117 dixerint,
728 1035 838 1119 utique
868 1058 937 1100 esse
965 1037 1116 1120 perfecta.
1161 1044 1295 1104 namet
1348 1097 1350 1104 .

63 1131 66 1138 '
120 1124 276 1188 labuntur
303 1124 476 1207 aliquando
505 1127 537 1186 et
565 1124 655 1187 oncri
683 1123 801 1187 cedunt
832 1127 865 1186 et
894 1125 1065 1210 indulgent
1087 1127 1294 1211 ingeniorum

117 1234 252 1276 suorum
274 1212 443 1295 voluptati,
466 1233 526 1276 nec
550 1234 675 1296 semper
688 1212 861 1275 intendunt
875 1213 1027 1298 animum,
1050 1237 1294 1299 nonnumquam

119 1300 309 1385 fatigantur,
333 1322 405 1365 cum
429 1299 577 1365 Ciceroni
600 1301 774 1364 dormitare
796 1301 926 1365 interim
948 1301 1195 1386 Demosthenes,
1226 1303 1294 1369 Ho-

118 1390 203 1453 ratio
230 1411 306 1454 vero
335 1389 432 1452 etiam
459 1388 620 1453 Homerus
647 1390 716 1473 ipse
744 1389 899 1453 rideatur.
947 1391 1063 1455 summi
1092 1392 1178 1456 enim
1208 1394 1336 1476 sunt,25

116 1477 266 1542 homines
289 1481 407 1561 tamen,
431 1477 606 1561 acciditque
629 1478 689 1561 his,
714 1478 776 1560 qui,
799 1477 954 1560 quidquid
974 1479 1059 1562 apud
1081 1481 1154 1544 illos
1168 1502 1292 1564 repere-

118 1569 209 1647 runt,
237 1565 363 1630 dicendi
391 1567 496 1650 legem
524 1570 653 1650 putant,
686 1568 723 1629 ut
750 1566 909 1630 deteriora
936 1568 1104 1632 imitentur
1131 1566 1178 1654 (id
1207 1569 1293 1632 enim

117 1657 169 1717 est
195 1651 340 1740 facilius)
369 1676 407 1718 ac
437 1677 470 1718 se
498 1655 624 1718 abunde
654 1654 773 1718 similes
796 1657 920 1737 putent,
946 1656 974 1719 si
997 1656 1076 1719 vitia
1097 1678 1293 1740 magnorum

118 1746 367 1827 consequantur.
412 1743 557 1806 modesto
580 1745 691 1806 tamen
714 1745 747 1805 et
761 1743 990 1826 circumspecto
1005 1744 1122 1807 iudicio
1137 1744 1176 1807 de
1190 1745 1292 1808 tantis
1302 1764 1336 1812 26

118 1831 196 1895 viris
223 1831 501 1914 pronuntiandum
530 1833 587 1914 est,
614 1851 664 1914 ne,
693 1830 778 1914 quod
807 1831 967 1915 plerisque
991 1831 1115 1915 accidit,
1139 1832 1293 1896 damnent

119 1941 200 2002 quac
231 1941 298 1982 non
329 1919 533 2003 intellegunt.
580 1940 617 1982 ac
650 1918 677 1982 si
709 1939 838 1982 necesse
871 1923 920 1982 est
952 1920 986 1982 in
1019 1921 1152 1983 alteram
1186 1943 1291 1985 errare

117 2010 257 2092 partem,
286 2007 394 2070 omnia
423 2029 532 2072 eorum
558 2007 741 2092 legentibus
770 2008 897 2090 placere
925 2029 1022 2091 quarn
1050 2009 1153 2072 multa
1182 2010 1292 2092 displi-

117 2117 189 2160 cere
215 2097 392 2178 maluerim.

206 2185 385 2248 Plurimum
413 2183 490 2247 dicit
518 2184 640 2248 oratori
674 2183 819 2248 conferre
848 2183 1091 2266 Theophrastus
1121 2186 1294 2249 lectionem
1303 2207 1336 2255 27

119 2411 269 2476 orationes]
292 2411 406 2461 ninrlich
426 2426 476 2477 pro
488 2408 600 2476 Ligario
620 2410 678 2460 und

116 2480 145 2530 in
158 2479 280 2530 Verrem.
315 2477 443 2543 Ligarius
461 2477 611 2542 angeklagt
623 2495 677 2528 von

116 2547 238 2608 Tubero,
259 2544 320 2596 weil
337 2562 367 2595 er
380 2562 407 2594 es
420 2544 448 2594 in
463 2544 556 2594 Africa
569 2543 618 2595 mit
630 2544 678 2594 der

117 2614 212 2666 Partei
235 2613 281 2666 des
305 2612 453 2680 Pompejus
475 2627 564 2676 gegen
592 2611 678 2662 Cisar

116 2681 253 2748 gehaltcn.
268 2681 278 2748 ΙΙ
291 2682 359 2748 quin
372 2677 466 2746 etiam]
481 2679 541 2728 eine
552 2678 678 2730 iihuliche

117 2749 334 2814 Wicderholung
352 2745 491 2798 derselben
516 2746 677 2798 husdriicke

115 2817 193 2868 dicht
212 2818 303 2868 hinter
320 2814 452 2866 einander
465 2813 565 2866 meidet
578 2813 675 2876 Quint.

117 2886 187 2940 auch
210 2891 286 2936 const
309 2883 399 2945 nicht3
424 2900 453 2934 so
473 2881 541 2932 adde
560 2882 633 2950 quod
651 2887 676 2944 2,

118 2957 159 3014 10,
180 2957 221 3015 11,
242 2956 280 3002 12.
294 2950 304 3017 4
317 2949 394 3016 nam]
414 2967 435 3000 s.
455 2953 586 3011 zu912.
601 2949 610 3015 ΙΙ
625 2951 677 3000 Ca·

117 3018 216 3087 lidius]
239 3018 308 3070 nach
327 3017 383 3070 Cic.
398 3017 478 3069 Brut.
499 3021 540 3080 to,
559 3022 609 3068 274
624 3034 677 3068 non

117 3096 212 3138 orator
235 3103 306 3138 unus
329 3102 344 3135 e
367 3084 468 3149 multis,
493 3084 585 3151 potius
604 3085 678 3135 iuter

118 3155 216 3206 multos
228 3171 314 3222 prope
324 3151 481 3217 singularis.
502 3151 676 3218 Zeitgenosse

116 3222 162 3273 des
181 3223 288 3275 Cicero.
319 3221 328 3286 ΙΙ
359 3219 478 3285 Brutus]
506 3219 544 3270 M.
570 3220 676 3270 lunius.

115 3290 207 3340 Ueber
234 3289 328 3338 desscn
357 3285 430 3337 Rode
459 3303 508 3354 pro
534 3287 637 3338 Milone
655 3304 675 3340 s.

117 3358 216 3419 Quint.
232 3357 284 3420 ΙΙΙ,
296 3359 322 3415 6,
341 3359 387 3416 93;
409 3353 512 3404 Brutus
525 3355 621 3404 suchtc
632 3353 677 3414 die

119 3424 294 3488 Ermordnng
320 3421 366 3472 des
391 3419 502 3471 Clodius
526 3419 603 3470 nicht
625 3421 677 3470 wie

117 3492 214 3543 Cicero
233 3489 319 3541 dnmit
332 3506 365 3539 nu
386 3487 596 3554 rechtfertigen,
615 3487 676 3540 dass

113 3578 146 3612 er
168 3561 197 3610 in
221 3559 307 3624 Folge
328 3557 376 3607 der
394 3555 453 3607 dem
473 3555 540 3608 Milo
563 3554 677 3607 bereite·

116 3638 161 3680 ten
186 3623 420 3690 Nuchstellungen
443 3623 602 3689 erechlagen
627 3622 675 3688 sei,

115 3695 233 3746 sondern
259 3692 322 3744 weil
344 3709 375 3742 er
398 3691 437 3742 als
461 3691 504 3742 ein
524 3690 677 3743 schlechtcr

117 3763 224 3828 Biirger
251 3760 302 3810 den
330 3759 389 3809 Tod
417 3759 544 3810 verdient
566 3759 640 3812 habe.
662 3759 674 3827 44

117 3831 266 3881 Cornelius
285 3825 388 3892 Celsus]
414 3844 435 3877 s.
456 3830 479 3889 ὃ,
502 3830 557 3880 124.

152 3902 194 3950 rt.
226 3904 251 3948 et
280 3895 369 3946 Pollio
399 3901 425 3942 et
455 3893 598 3960 Messala]
629 3893 677 3944 das

116 3971 188 4016 erote
224 3972 250 4014 et
281 3960 487 4028 correspondirt
523 3960 600 4011 nicht
630 3961 679 4013 mit

114 4033 175 4084 dem
196 4029 356 4096 folgenden,
384 4027 505 4079 sondern
533 4027 607 4078 reiht
632 4029 677 4079 ein

114 4099 213 4153 drittes
235 4096 351 4162 Beispiel
371 4113 414 4148 an.
436 4094 446 4161 4
468 4113 519 4162 pro
541 4096 677 4147 Voluseno

118 4169 230 4235 Catulo]
250 4163 328 4216 nicht
346 4163 430 4214 ndher
449 4163 577 4218 bekannt.
596 4163 605 4228 ΙΙ
619 4163 676 4214 Do-

116 4237 188 4286 mitii
207 4231 281 4299 Afri]
302 4249 323 4283 s.
344 4235 367 4291 §2
386 4234 443 4282 118.
465 4230 475 4296 ΙΙ
494 4231 587 4297 Crispi
607 4231 676 4282 Pus·

114 4303 199 4370 eleni]
222 4299 374 4356 Stiet'vater
397 4298 442 4348 des
468 4297 577 4350 Kcisers
603 4298 677 4350 Nero

116 4371 187 4422 nach
206 4373 282 4424 Suet.
303 4365 367 4418 Ner.
387 4370 410 4417 6.
424 4365 434 4431 ΙΙ
450 4366 553 4418 Decimi
572 4365 675 4434 Laelii]

733 2409 958 2461 nsahrscheinlich
977 2409 1025 2461 der
1043 2412 1111 2463 Tac.
1129 2429 1193 2463 ann.
1213 2417 1239 2476 6,
1260 2417 1293 2464 47

733 2478 874 2528 erwiihntc
893 2477 1002 2528 Laelius
1021 2477 1124 2530 Balbus
1144 2490 1226 2529 unter
1244 2479 1292 2530 Ti·

732 2545 831 2608 berius,
849 2562 902 2595 von
916 2544 975 2594 dem
988 2545 1104 2596 Tacitus
1121 2545 1157 2596 ib.
1171 2551 1204 2600 48
1216 2557 1292 2612 segre

733 2612 807 2661 truci
830 2611 988 2678 eloquentia
1008 2613 1160 2664 habebatur
1181 2631 1292 2681 promp-

732 2688 777 2729 tus
790 2679 929 2729 adversum
944 2679 1075 2731 insontes.
1095 2680 1292 2747 lferetantnr]

732 2746 760 2796 in
780 2746 895 2797 Uinlauf
908 2746 984 2808 sein3
999 2746 1059 2812 xvgl.
1080 2752 1103 2808 §.
1123 2752 1187 2806 1293
1208 2753 1230 2808 7,
1249 2753 1291 2800 30.

736 2813 746 2880 4
770 2831 857 2878 neque
874 2815 904 2864 id
923 2815 1018 2864 statim
1036 2855 1042 2865 .
1064 2813 1103 2880 .]
1115 2813 1220 2882 kndpst
1232 2816 1293 2866 eine

730 2881 830 2939 ,nweite
853 2880 1008 2932 Vorschrilt
1029 2898 1064 2932 an
1089 2880 1133 2932 die
1153 2889 1175 2939 ‚sl
1194 2887 1226 2934 20
1244 2899 1292 2948 ge-

732 2949 844 3014 gebene.
861 2948 871 3014 4
890 2946 1031 3016 auctores]
1052 2965 1086 3000 zu
1108 2949 1292 3010 Quintilian’s

734 3015 796 3066 Zeit
818 3016 903 3068 schon
922 3015 1056 3082 gersdezu
1079 3017 1125 3067 fiir
1143 3017 1292 3084 scriptores

732 3084 894 3150 gebraucht,
922 3086 992 3135 ohne
1019 3084 1071 3135 deu
1096 3084 1294 3152 Nebenbegriff

732 3153 777 3202 des
798 3152 1036 3203 Gewiihrsnranns.
1054 3152 1063 3218 4
1085 3154 1221 3202 labuntur
1240 3155 1291 3203 ali-

732 3219 927 3285 quando...]
956 3219 990 3298 cf.
1017 3223 1112 3298 2,.153
1140 3219 1166 3268 in
1188 3220 1292 3284 magnis

732 3285 1292 3472 tlt?1.tttttl'.'¹..⁵.tt¹tttpltt

732 3418 934 3485 lingsneigung.
956 3417 967 3485 4
986 3420 1112 3471 Ciceroni
1131 3459 1177 3474 ...
1223 3439 1293 3471 emo-

732 3486 852 3553 sthenes]
872 3505 915 3538 nvo
928 3487 1026 3538 Cicero
1045 3486 1136 3538 diesen
1149 3487 1294 3540 Ausdruck

731 3571 784 3606 von
815 3555 1007 3606 Demosthenes
1034 3556 1186 3620 gebraucht
1213 3556 1290 3621 habe,

731 3622 784 3673 den
811 3623 845 3683 Q.
870 3623 939 3674 euch
963 3621 1031 3685 XlI,
1056 3628 1079 3684 1,
1108 3628 1139 3674 ‘2⁴2
1158 3624 1291 3685 cnuth-nt,

732 3689 769 3740 ist
788 3689 864 3740 nicht
882 3690 1013 3741 bekannt.
1049 3691 1124 3742 Plnt.
1146 3691 1202 3741 Cic.
1223 3709 1245 3742 c.
1260 3695 1293 3742 24

732 3757 810 3808 fiihrt
827 3757 972 3808 denselbcn
991 3758 1126 3824 ebenlnlls,
1141 3775 1191 3809 nn:
1214 3753 1291 3810 ἐνια-

732 3821 785 3890 χοῦ
802 3818 1010 3889 ἀπονυστάζειν
1022 3821 1074 3878 cdv
1086 3822 1291 3893 Δημοσθένην.

735 3891 747 3960 li
767 3893 899 3960 Horatio]
923 3893 954 3946 Α.
975 3894 1003 3949 Ρ,
1022 3898 1081 3948 359.

767 4015 808 4062 26.
828 4011 976 4080 plerisque]
994 4035 1027 4055 =
1039 4011 1191 4080 permultis.
1223 4012 1232 4078 ΙΙ
1262 4013 1294 4064 in

735 4082 852 4131 alteram
870 4078 993 4146 portem]
1013 4103 1046 4122 =
1066 4079 1242 4142 alterutrun13
1263 4098 1292 4131 so

733 4146 777 4197 bci
801 4146 958 4208 Quintilian
977 4146 1076 4202 litters:
1096 4146 1149 4212 vgl.
1170 4164 1194 4198 u.
1216 4165 1239 4199 a.
1258 4147 1292 4212 V,
1345 4193 1348 4200 .

735 4218 776 4278 10,
796 4219 842 4264 69:
862 4231 893 4264 ex
911 4213 1023 4273 duobus,
1049 4231 1164 4281 quorum
1186 4232 1293 4268 necesse

734 4291 775 4333 est
793 4281 908 4332 alterum
927 4298 1018 4333 verum
1038 4282 1088 4348 (sc.
1108 4285 1190 4347 esse).

769 4370 810 4417 27.
850 4365 1073 4434 Theophrastus]
1102 4385 1125 4420 s.
1157 4372 1182 4429 h'·
1209 4371 1251 4420 83.
1280 4366 1292 4434 4

1305 4343 1308 4364 l
