3028 4882
570 263 690 320 CAPUT
707 265 729 334 1,
748 271 862 320 ac-ao.
1271 267 1313 331 15
1390 259 1398 270 '

143 426 247 509 iisque
276 448 357 509 qaae
385 427 462 490 sunt
489 426 560 490 istis
588 426 764 510 contraria,
793 429 825 489 et
852 426 891 490 de
919 427 1014 490 rebus
1039 427 1155 492 divinis
1179 429 1315 494 maxime

142 515 254 579 dicunt
277 518 309 578 et
332 518 602 599 argumentantur
625 515 749 597 acriter,
773 518 805 578 et
821 515 1083 580 altercationibus
1106 519 1202 600 atque
1217 518 1316 582 inter-

141 602 366 686 rogationibus
400 605 562 667 oratorem
593 603 739 667 futurum
772 603 892 686 optime
926 601 1080 669 Socratici
1112 609 1315 689 praeparant.

142 692 196 754 sed
220 691 271 755 his
295 712 421 776 quoque
445 691 663 756 adhibendum
687 695 737 756 est
759 692 862 754 simile
885 691 1047 776 iudicium,
1070 697 1107 756 ut
1131 694 1228 758 etiam
1243 693 1361 758 cunr36

140 780 176 842 in
199 780 295 843 rebus
318 801 482 844 versemur
504 780 614 862 isdem,
637 783 829 844 nontamen
843 781 977 845 eandem
1001 801 1071 844 esse
1095 781 1314 846 condicionem

141 869 280 932 sciamus
299 868 405 932 litium
419 889 457 932 aa
471 867 737 953 disputationum,
759 867 868 933 forict
887 869 1047 953 auditorii,
1069 873 1314 952 praeceptorum

142 960 174 1020 et
195 957 421 1039 periculorum.

232 1043 335 1109 (lredo
359 1049 526 1110 exacturos
549 1046 734 1128 plerosque,
762 1066 834 1108 curn
857 1047 986 1109 tanturn
1014 1067 1082 1110 esse
1106 1046 1255 1110 utilitatis
1279 1047 1357 1109 inor

142 1134 279 1218 legendo
307 1133 497 1216 iudicemus,
524 1137 561 1197 ut
589 1134 621 1198 id
650 1155 777 1218 quoque
806 1132 1019 1218 adiungamus
1042 1135 1141 1218 operi,
1169 1135 1225 1217 qui
1248 1135 1314 1198 sint

143 1223 268 1305 dependi,
291 1243 436 1305 quaeque
459 1223 494 1286 in
518 1225 648 1286 auctore
672 1244 797 1306 quoque
811 1223 984 1307 praecipua
1006 1223 1118 1287 virtus.
1165 1223 1220 1286 sed
1243 1245 1313 1306 per-

142 1311 402 1395 sequisingulos
425 1311 546 1375 infiniti
568 1311 667 1376 fucrit
690 1311 804 1394 operis.
850 1310 968 1395 quippe
992 1333 1065 1374 oum
1087 1313 1123 1375 in
1144 1310 1247 1376 Bruto
1270 1309 1357 1375 M.38

141 1399 265 1462 Tullius
296 1402 352 1463 tot·
378 1399 507 1463 milibus
540 1421 689 1464 versuum
718 1399 756 1462 da
783 1399 939 1463 Romanis
972 1403 1101 1464 tantum
1129 1399 1312 1464 oratoribus

139 1487 292 1571 loquatur
319 1491 352 1551 et
379 1491 488 1551 tamen
517 1488 555 1550 de
583 1488 734 1554 omnibus
764 1488 880 1552 aetatis
903 1509 989 1571 suas,
1014 1489 1205 1573 quibuscum
1228 1489 1338 1552 rive·¹

140 1576 210 1660 bat,
243 1576 384 1658 exceptis
413 1574 552 1652 caesare,
578 1581 673 1661 atquc
701 1575 869 1659 Marcello,
904 1576 1068 1641 silentium
1096 1578 1212 1661 egerit:
1241 1577 1312 1660 quis

141 1664 202 1727 erit
225 1663 348 1747 moduS,
373 1665 399 1726 si
423 1668 455 1727 et
477 1665 550 1729 illos
575 1669 608 1728 et
632 1665 685 1748 qui
709 1668 823 1748 postea
846 1663 977 1728 fuerunt
1000 1663 1184 1728 etGraecos
1209 1665 1312 1728 omnis

141 1755 187 1832 [et
214 1752 463 1835 philosophos]?
490 1753 553 1815 fuit
581 1754 680 1838 igitur
710 1753 850 1816 brevitas
877 1753 933 1815 illa
960 1753 1136 1836 tutissima,
1160 1774 1241 1835 quac
1264 1756 1357 1815 estas

141 1841 227 1922 apud
250 1839 376 1904 Livium
404 1841 439 1903 in
462 1841 602 1923 epistula
625 1842 665 1905 ad
688 1841 789 1905 filium
813 1841 942 1924 scripta,
971 1842 1155 1926 legendos
1178 1839 1312 1905 Demo-

139 2013 166 2064 in
191 2013 243 2064 den
267 2014 346 2065 Kreis
373 2015 465 2067 seiner
487 2015 701 2082 Unterweisung

140 2098 174 2132 zu
195 2081 299 2145 richen,
319 2083 373 2132 and
392 2082 485 2134 herust
502 2081 560 2133 sich
582 2083 633 2135 auf
647 2085 700 2135 den

140 2149 298 2216 Aussprnch
317 2149 363 2202 des
376 2149 481 2213 Cicero,
494 2149 554 2202 dass
568 2151 700 2204 Weisheit

140 2216 196 2268 und
238 2217 453 2269 Bercdtsamkeit
504 2218 698 2286 urspriinglich

138 2283 271 2336 identisch
301 2301 425 2350 gewescn
448 2285 520 2337 scien
543 2285 700 2352 (cogitandi

138 2352 395 2420 pronuntiandique
424 2353 557 2405 rationem
591 2354 699 2420 vimque

140 2419 247 2470 dicendi
272 2428 379 2470 veteres
408 2420 508 2471 Graeci
535 2419 699 2488 sapientiam

141 2486 328 2538 nominabant.
367 2487 422 2542 cic.
452 2487 485 2538 de
513 2496 582 2539 orat.
610 2494 635 2552 3,
660 2493 699 2551 15,

140 2555 191 2619 56).
228 2551 289 2620 Vgl.
309 2555 330 2614 Ι,
351 2572 471 2622 prooem.
497 2559 544 2608 13:
571 2555 699 2608 fuerunt-

141 2637 194 2688 que
213 2619 280 2672 haec
292 2621 439 2686 (Weisheit
458 2622 513 2674 und
527 2622 699 2674 Beredtsam-

138 2687 217 2755 keit),
238 2697 268 2741 ut
282 2689 378 2741 Cicero
397 2689 567 2758 apertissime
585 2689 701 2756 colligit,

140 2756 361 2823 quemadmodum
388 2757 483 2809 iuncta
513 2765 632 2822 natura,
661 2758 700 2809 sic

140 2823 230 2875 officio
254 2840 363 2892 quoqne
385 2825 529 2892 copulata,
560 2833 591 2876 ut
619 2825 698 2878 iidem

139 2890 277 2958 sapientes
297 2900 379 2960 atque
391 2892 546 2960 eloquentes
566 2893 698 2944 haberen-

140 2969 194 3010 tur.
213 2959 295 3010 scidit
313 2958 410 3010 deinde
427 2977 455 3012 se
477 2959 597 3012 studium
615 2970 698 3029 atque

65 3069 71 3077 .
139 3025 239 3077 inertia
267 3026 370 3078 sactum
398 3035 455 3094 est,
486 3035 517 3080 ut
546 3036 617 3080 artes
640 3046 698 3080 esse

139 3093 233 3210 plures
252 3094 419 3146 viderentur.
456 3112 517 3147 nam
538 3101 568 3146 ut
581 3095 696 3163 primum

149 3160 234 3227 ingua
253 3178 310 3213 esse
327 3162 419 3230 coepit
436 3162 466 3214 in
485 3169 597 3231 quaestu
617 3162 696 3214 insti-

139 3236 286 3296 tutumque
319 3228 491 3297 eloquentiae
519 3231 598 3282 bonis
628 3230 696 3282 maie

141 3295 191 3360 uti,
211 3312 302 3348 curam
322 3313 425 3347 morum
445 3297 491 3364 qui
506 3297 601 3348 diserti
615 3297 697 3348 habe-

139 3365 243 3414 bantur
271 3363 452 3430 reliquerunt.
484 3363 493 3430 ]]
523 3381 588 3414 nam
615 3373 641 3414 ct
665 3367 698 3414 dc

140 3431 224 3482 iustis
248 3470 254 3482 .
280 3471 285 3482 .
312 3440 363 3486 ,et
382 3430 621 3497 altercationibus]
641 3431 697 3482 also

138 3497 243 3548 sowohl
261 3497 290 3549 in
304 3497 465 3550 materieller
479 3497 530 3550 wie
547 3498 575 3550 in
596 3498 698 3550 forma-

140 3564 179 3616 ler
200 3565 327 3617 Hinsicht
345 3567 455 3619 kiinnen
467 3566 510 3618 die
523 3567 632 3617 Redner
644 3583 698 3618 von

140 3632 192 3683 den
206 3632 390 3701 Philosophen
403 3633 513 3699 lernen3
530 3635 557 3685 in
572 3634 700 3686 lctzterer

139 3699 270 3751 Hinsicht
287 3702 433 3753 besondcrs
452 3720 504 3753 von
524 3702 576 3753 den
595 3703 697 3753 Sokra-

139 3767 239 3817 tikern.
276 3771 427 3821 Altercatio
445 3793 478 3812 =
490 3770 538 3822 das
550 3769 622 3822 Fiir·
642 3769 700 3820 und

140 3834 343 3886 Wider-Reden
366 3836 414 3887 der
437 3836 604 3888 streitenden
627 3837 697 3888 Par-

141 3901 212 3953 teien
226 3919 275 3970 vor
288 3903 417 3965 Gericht3
439 3909 486 3954 aut
501 3903 697 3970 interrogando

142 3979 191 4020 aut
220 3970 424 4038 respondendo;
456 3970 503 4022 das
534 3971 699 4037 Gegentheil

140 4037 177 4088 ist
195 4037 238 4087 die
257 4037 328 4090 actio
347 4043 496 4107 perpetns;
521 4057 542 4090 s.
560 4039 608 4102 vt,
626 4044 649 4097 4,
670 4045 694 4090 2.

143 4104 153 4170 ]]
169 4105 315 4172 Socratici]
336 4107 456 4172 gemeint
468 4105 696 4158 sinddieSchrii-

141 4181 186 4221 tan
201 4171 247 4224 des
261 4173 352 4235 Plato,
372 4173 534 4242 Xenophon,
553 4173 698 4226 Aeschines

140 4240 308 4295 Socraticus:
332 4258 352 4293 s.
374 4244 400 4306 §.
419 4247 461 4296 83.

174 4312 215 4364 36.
235 4319 267 4361 ut
286 4355 291 4366 ,
313 4348 339 4364 ..
359 4309 490 4376 sciamus]
510 4308 647 4374 folgernd,
664 4324 700 4360 so

140 4373 224 4431 dass.
248 4378 258 4444 l]
283 4375 517 4444 disputationum]
538 4376 586 4428 der
603 4375 699 4427 Philo-

755 2013 1312 2149 tibiltt'ttttitttiitttttt

756 2151 807 2202 aui
826 2150 885 2202 dem
911 2149 1000 2218 Spiele
1017 2150 1099 2202 steht.
1139 2149 1200 2215 Vgt.
1221 2149 1266 2212 IV,
1286 2155 1313 2212 2,

755 2223 816 2272 12⁶2:
839 2217 939 2284 capitis
962 2223 1011 2268 aut
1037 2217 1210 2269 fortunarum
1239 2216 1311 2284 peri-

755 2285 825 2336 cula.
861 2285 939 2338 Doch
957 2286 1068 2337 werden
1081 2284 1128 2350 VI,
1151 2292 1173 2350 t,
1194 2288 1226 2336 36
1238 2285 1312 2352 peri-

755 2352 816 2403 cula
840 2352 895 2403 und
918 2353 1043 2420 privatae
1066 2369 1163 2404 causac
1181 2351 1315 2403 einander

753 2420 912 2486 gegendber
937 2419 1055 2486 gestellt.
1103 2421 1170 2472 Man
1200 2420 1312 2471 berchta

754 2487 796 2537 die
814 2487 975 2538 chiastische
993 2487 1120 2552 Stellung
1133 2488 1180 2538 der
1196 2487 1317 2538 sichaei

754 2553 885 2605 einander
903 2553 1090 2606 beziehcnden
1108 2555 1227 2606 Wiirtcr.

788 2625 828 2673 37.
857 2620 982 2689 auctore]
1010 2645 1043 2664 =
1060 2621 1210 2689 scriptore:
1236 2640 1257 2672 s.
1277 2638 1312 2672 zu

788 2759 828 2808 38.
856 2757 1018 2822 quibuscum
1045 2755 1165 2819 vivebat]
1195 2756 1239 2806 die
1262 2773 1312 2806 an·

755 2822 933 2878 nehmlichste
957 2823 1122 2888 henderung
1149 2823 1196 2874 der
1226 2823 1312 2888 gina-

754 2890 809 2942 lich
849 2908 954 2943 carrum
976 2891 1049 2942 irten
1084 2889 1188 2942 Lesert.
1244 2890 1312 2941 Ver-

752 2958 827 3010 steht
861 2975 923 3010 man
956 2908 1013 3010 dies
1049 2975 1103 3010 von
1137 2957 1313 3025 denjenigen,

753 3025 803 3078 mit
847 3026 968 3077 welchen
1011 3044 1040 3077 er
1087 3026 1199 3092 nmging
1246 3025 1312 3078 oder

752 3093 895 3145 verkehrte
919 3093 983 3156 (wic
1007 3093 1062 3147 Cic.
1088 3094 1121 3145 da
1144 3093 1190 3144 off.
1216 3099 1246 3158 1,
1269 3097 1312 3157 40,

752 3166 812 3214 143:
833 3161 992 3228 quibuscum
1011 3161 1146 3226 vivimus),
1165 3179 1194 3212 so
1206 3160 1243 3212 ist
1255 3160 1313 3213 dies

751 3228 801 3279 mit
818 3227 916 3280 aetatis
933 3245 1000 3279 suae
1018 3245 1094 3279 zwar
1112 3228 1192 3279 keine
1208 3231 1312 3280 Tanto·

752 3294 834 3361 logie.
866 3294 944 3345 Denn
964 3295 1013 3346 mit
1024 3294 1182 3346 Letztcrem
1202 3295 1311 3346 werden

752 3362 787 3413 im
818 3360 1004 3427 Aligemeinen
1029 3362 1086 3414 alle
1116 3361 1312 3428 Zeitgenossen

753 3429 798 3479 des
818 3427 914 3479 Cicero
932 3429 1100 3486 bezeichnet.
1123 3429 1213 3481 Allein
1234 3430 1312 3481 Brut.

753 3500 796 3559 65,
809 3501 856 3548 231
871 3496 955 3548 hcisst
967 3515 1006 3548 es:
1020 3497 1048 3548 in
1059 3497 1110 3549 hoc
1122 3514 1246 3551 sermone
1259 3505 1310 3549 no-

753 3571 810 3615 stro
824 3564 1048 3616 statuineminem
1061 3582 1164 3631 eorum,
1177 3567 1225 3633 qui
1237 3567 1311 3616 aive-

755 3642 824 3692 reat,
850 3631 1003 3684 nominare:
1028 3632 1084 3684 also
1108 3633 1160 3685 alle
1180 3650 1230 3684 zur
1249 3632 1311 3683 Zeit

754 3699 801 3750 der
825 3699 981 3766 Absassung
1002 3699 1089 3753 dieser
1110 3699 1217 3754 Schrist
1241 3699 1310 3750 noch

752 3766 900 3818 Lebenden
923 3767 1039 3820 worden
1061 3787 1115 3820 von
1136 3767 1191 3819 Cic.
1215 3783 1309 3832 ausge-

753 3833 904 3898 schlcssen,
930 3835 987 3888 und
1011 3834 1087 3887 nicht
1104 3835 1175 3887 bloss
1194 3833 1311 3884 die'cni-

752 3919 815 3968 gen,
834 3901 883 3953 mit
901 3901 988 3954 denen
1006 3920 1035 3954 er
1053 3903 1204 3954 verkehrte.
1262 3901 1311 3951 ier-

752 3969 839 4020 darch
867 3968 934 4021 wird
964 3970 1007 4020 die
1035 3967 1205 4035 Richtigkeit
1231 3971 1313 4036 jener

753 4038 904 4104 conjector
939 4037 1103 4103 wenigstens
1143 4036 1313 4088 zweilelhait

752 4105 885 4171 gemacht.
900 4104 910 4171 ΙΙ
925 4107 1043 4156 Caesare
1064 4113 1145 4172 atque
1163 4103 1312 4171 Marcello]
1412 4103 1414 4107 ’

752 4191 774 4224 s.
800 4174 877 4224 Brut.
901 4177 1009 4226 71-75.
1034 4171 1043 4239 ]]
1068 4175 1130 4240 quis
1153 4172 1262 4238 modus]
1286 4189 1308 4224 s.

755 4241 802 4290 Kr.
823 4241 873 4290 Gr.
891 4244 917 4304 5.
936 4245 996 4304 430,
1016 4242 1095 4292 Anm.
1116 4242 1139 4292 2.
1161 4239 1192 4292 Ζ.
1212 4243 1237 4304 δ.
1253 4244 1311 4298 134,

755 4308 832 4358 horn.
846 4307 857 4374 ]]
870 4311 894 4358 si
912 4316 938 4358 et
955 4309 1017 4358 illos
1036 4348 1041 4360 .
1059 4308 1100 4376 ..]
1128 4325 1164 4360 sc.
1204 4307 1311 4374 ersequi

753 4374 840 4426 velim.
880 4374 983 4444 [Vergl.
1001 4375 1101 4442 jedooh
1120 4375 1164 4427 dic
1182 4326 1277 4442 torn]
