3028 4882
699 1176 815 1243 Onrnr
839 1178 863 1243 Ι.

582 1370 630 1424 ΒΕ
651 1367 760 1426 COPIA
778 1369 989 1426 VERBORUM.

288 1551 313 1614 I.
346 1549 409 1615 Sed
439 1550 519 1614 haec
551 1549 722 1633 eloquendi
752 1553 936 1634 praecepta,
974 1550 1056 1615 sicut
1088 1552 1267 1636 cognitioni
1297 1557 1375 1618 suni

199 1640 390 1724 necessario,
412 1639 459 1702 ita
482 1659 551 1703 non
573 1638 652 1702 sniis
676 1636 717 1702 ad
740 1639 807 1702 vim
824 1637 951 1702 dicendi
964 1639 1084 1724 valent,
1106 1641 1170 1704 nisi
1192 1641 1256 1705 illis
1279 1641 1375 1706 firma

200 1729 357 1815 quaedam
381 1727 534 1810 facilites,
563 1748 644 1811 quae
672 1724 758 1810 apud
786 1725 927 1792 Graecos
960 1728 1022 1794 ἕξις
1044 1729 1245 1812 nominanti,
1268 1750 1374 1796 acces·

199 1818 291 1882 serit:
316 1817 477 1901 adquam
501 1816 669 1880 scribendo
692 1815 765 1899 plus
789 1837 830 1880 nn
853 1817 991 1901 legendo
1015 1839 1057 1881 nn
1072 1817 1205 1882 dicendo
1228 1818 1374 1884 confere-

197 1911 261 1990 tur,
285 1907 388 1970 solere
411 1906 522 1989 quaeri
546 1905 620 1969 scio.
666 1903 752 1988 quod
775 1909 860 1968 esset
875 1905 1062 1990 diligentius
1078 1906 1173 1970 nobis
1187 1907 1373 1971 examinan-

199 1994 288 2077 dum,
321 1994 348 2057 si
380 1993 525 2076 quelibet
559 2013 669 2055 earum
696 2013 804 2055 rerum
831 2014 999 2076 possemus
1027 2015 1093 2057 unn
1121 2014 1190 2058 esse
1218 1996 1373 2058 contenti.

172 2101 311 2148 ererum
333 2083 380 2145 ite
404 2084 479 2146 sunt
501 2081 586 2144 inter
609 2101 643 2143 se
667 2100 788 2144 conexa
811 2084 844 2144 et
857 2079 1031 2145 indiscreta
1046 2081 1164 2164 omnia,
1186 2085 1232 2166 ut,
1255 2083 1374 2166 siquid

198 2193 237 2236 ex
264 2171 315 2235 his
344 2169 495 2253 defuerit,
523 2168 646 2232 frustra
673 2168 773 2232 sitin
796 2169 909 2233 ceteris
934 2170 1125 2234 laboratum.
1169 2192 1247 2234 nem
1268 2193 1372 2255 neque

233 2369 257 2415 1.
283 2364 351 2414 haee
373 2362 519 2430 eloquendi
534 2377 634 2428 praece
655 2358 695 2425 tn]
715 2359 759 2410 die
810 2366 838 2423 4,
857 2365 902 2412 152
922 2360 949 2412 id
968 2361 995 2411 in
1016 2379 1070 2430 quo
1088 2369 1130 2416 est
1147 2363 1233 2415 omnis
1250 2363 1292 2416 vie
1305 2363 1373 2415 ami-

197 2432 226 2482 in
250 2430 302 2481 den
320 2429 416 2481 beiden
429 2377 682 2494 .vorhergehenden
701 2426 757 2479 Bir-
812 2428 902 2480 citiae.
921 2429 997 2480 Doch
1008 2431 1099 2482 merke
1113 2431 1374 2495 rnen‚deesmittelst

196 2498 284 2550 chern
302 2498 460 2564 gegebenen
477 2495 671 2548 Vorsehriiten
691 2495 758 2546 uber
811 2496 857 2548 des
876 2497 1055 2550 Substantivs
1074 2500 1124 2564 oie,
1146 2499 1304 2550 verbunden
1323 2498 1374 2549 mit

197 2565 250 2617 den
266 2565 418 2618 Ausdruck.
437 2565 448 2632 ΙΙ
466 2563 671 2630 sicut...itn]
696 2561 759 2615 sehr
784 2601 786 2606 -
812 2563 897 2615 einem
932 2564 1053 2617 Genetiv
1090 2565 1137 2617 des
1176 2565 1372 2631 Gerundiums,

198 2633 294 2700 hinfig
311 2632 355 2684 bei
369 2630 537 2697 Quintilian,
554 2653 588 2675 =
600 2629 677 2682 ewar'
696 2670 701 2681 .
723 2671 729 2682 .
751 2669 757 2681 .

199 2702 277 2754 eber:
299 2717 321 2757 r.
345 2701 394 2752 Kr.
419 2701 471 2752 Gr.
495 2703 521 2764 5.
546 2703 605 2764 582,
624 2699 705 2750 Anni.
730 2703 757 2750 4.

195 2769 231 2829 Z.
254 2773 279 2834 5.
302 2771 360 2822 726.
395 2767 406 2834 11
441 2767 593 2834 coercitioni
620 2773 688 2818 erent
710 2783 759 2816 ne-

196 2836 334 2902 cessario]
354 2833 550 2902 grammatisch
570 2832 647 2885 nicht
658 2850 678 2884 s.
690 2849 717 2884 v.
732 2849 756 2883 n.

197 2919 363 3021 ςίςῐιιρὶοετς
376 2901 557 3020 milesimum
571 2898 758 3028 eetlsonern

198 2987 214 3020 a
236 2988 289 3022 nic
327 2987 379 3022 wne
468 3007 476 3032 ‚
513 2984 612 3020 rocem.
648 2985 653 3018 :
698 2983 757 3018 nem

198 3038 210 3098 t
213 3037 347 3090 rationem
364 2986 522 3087 inveniendi
534 3041 564 3084 et
577 3033 690 3085 inventa
702 3032 757 3084 dis-

198 3104 339 3172 ponendi)
376 3102 485 3170 penitus
521 3117 685 3168 cognoscere
720 3102 758 3152 ad

198 3190 331 3225 remmam
349 3172 482 3223 scientiae
495 3168 685 3221 necessarium
704 3175 755 3220 est.

197 3242 235 3294 So
259 3240 311 3291 wie
334 3239 398 3291 dort
420 3255 527 3290 summa
549 3238 681 3288 scientiae
704 3234 757 3287 den

197 3307 335 3374 Inbegriff
349 3307 399 3360 der
421 3305 480 3357 dem
497 3305 609 3357 Redner
627 3303 756 3370 nithigen

198 3373 455 3427 theoretiechen
478 3371 688 3426 Kenntnisse
710 3373 756 3423 be-

198 3441 336 3504 zeichnet,
361 3459 391 3494 so
416 3441 475 3492 hier
498 3441 632 3506 coercitio,
655 3439 757 3491 welche

197 3510 251 3560 den
271 3510 428 3575 Gegensetn
450 3523 485 3559 nu
504 3509 558 3558 cim
577 3508 687 3558 dicendi
704 3505 757 3557 bii-

196 3575 253 3643 det,
272 3576 323 3628 wie
340 3574 461 3627 Theorie
478 3590 528 3625 zur
546 3573 649 3625 Ptenis.
685 3573 757 3623 Hin-

197 3642 322 3696 sichtiich
348 3642 397 3693 der
424 3639 621 3694 Construction
649 3638 703 3706 vgi.
732 3642 757 3702 ἕ.

197 3716 260 3763 124:
271 3727 360 3762 rerum
370 3707 524 3775 cognitioni
534 3705 618 3760 utilis.
630 3707 641 3774 ΙΙ
654 3709 691 3758 ad
704 3707 759 3757 eim

198 3779 318 3846 dicendi]
338 3776 394 3844 vgi.
408 3775 465 3829 Cic.
485 3776 518 3826 de
536 3791 576 3827 or.
596 3778 620 3839 1,
639 3777 757 3838 24,11o:

196 3845 245 3915 qui
264 3863 368 3898 omnem
387 3844 441 3896 vim
459 3842 567 3896 dicendi
585 3841 615 3892 in
628 3848 687 3893 arte
706 3859 756 3908 po-

199 3923 304 3966 nerent.
341 3912 438 3976 Quint.
456 3911 533 3973 vm,
581 3926 681 3964 rooem.
709 3914 755 3962 302

196 3989 364 4050 praeparata
373 3980 414 4032 vis
424 3977 546 4043 dicendi3
560 3928 689 4056 deeselioe,
700 3992 757 4056 wi¹⁸

197 4054 256 4110 §.8
282 4049 323 4100 vis
350 4048 447 4101 orandi
474 4051 600 4114 genennt
624 4042 693 4095 wnd
720 4059 757 4094 nn

198 4117 371 4182 Gegensetne
384 4131 418 4166 nu
432 4115 480 4166 der
493 4111 666 4165 circulatoria
679 4111 757 4162 voiu-

196 4182 297 4246 biiitas‚
317 4182 344 4236 d.
363 4186 380 4234 i.
399 4181 566 4247 (wiriciiche)
586 4178 757 4232 Beredtsnm·

198 4249 267 4313 keit3
290 4249 361 4314 hier,
389 4267 418 4301 so
442 4249 494 4301 wie
517 4248 587 4300 auch
610 4252 697 4310 const,
720 4246 757 4298 ist

197 4317 238 4369 ris
261 4315 378 4368 alicuius
400 4315 440 4367 rei
461 4337 496 4358 =
513 4331 570 4368 was
593 4314 641 4366 dae
658 4315 757 4366 Wesen

198 4384 272 4436 einer
283 4383 372 4436 Seche
382 4382 531 4436 eusmecht.
551 4382 596 4437 Cf.
608 4382 665 4434 eie.
677 4381 754 4435 Lael.

813 2631 883 2684 auch
902 2631 952 2684 der
970 2633 1006 2684 im
1022 2633 1176 2684 Deutschen
1196 2632 1314 2685 mittelet
1325 2632 1371 2684 des

811 2699 937 2754 Artikeis
959 2699 1169 2752 substantivirte
1195 2699 1302 2766 Begriff
1326 2699 1372 2751 des

811 2764 952 2818 Infinitive
988 2765 1173 2832 eusgedrriokt
1207 2766 1291 2830 wird3
1327 2784 1369 2820 so:

812 2831 982 2952 percipiegdi
1000 2833 1096 2952 dissita
1107 2833 1371 2954 ὅάεὲῐὲιίξιέτάαδὶοἰ·

812 2917 1093 2954 crs...1c.en.
1180 2941 1187 2963 ‚
1274 2919 1309 2954 .1.
1342 2919 1371 2954 es

813 2940 1251 3088 ennocurten:
1265 2973 1370 3088 nn

812 3102 865 3154 vim
888 3103 1020 3171 loquendi
1044 3104 1114 3166 (πᾶν
1126 3098 1158 3155 τὸ
1172 3100 1370 3170 φθέγγεσθαι)

811 3171 841 3222 ἱιι
857 3169 927 3222 dune
945 3169 1077 3222 tributam
1094 3187 1151 3222 esse
1169 3177 1272 3238 partes.
1309 3171 1371 3238 Vgi.

810 3237 985 3304 Nigeiebaeh
1003 3238 1050 3289 let.
1070 3238 1133 3291 Stil.
1156 3239 1186 3290 S.
1204 3243 1245 3290 24.
1280 3239 1372 3291 Sciet

812 3307 883 3358 euch
902 3305 962 3357 hier
979 3306 1019 3358 vis
1032 3305 1140 3358 dicendi
1157 3329 1191 3349 =
1208 3305 1256 3358 dns
1269 3306 1371 3365 Reden.

812 3373 875 3425 ‘Die
901 3373 1053 3426 Kenntnies
1079 3375 1159 3442 jener
1182 3373 1370 3426 Vorschriiten

812 3441 872 3506 (der
889 3441 1008 3494 Theorie
1025 3442 1070 3492 des
1091 3441 1260 3508 Ausdrncks)
1281 3442 1371 3493 machi

813 3508 884 3561 noch
906 3508 1005 3560 keinen
1028 3524 1090 3559 zum
1112 3507 1242 3559 Redner.’
1279 3509 1370 3560 Achn-

813 3575 867 3626 iich
894 3574 933 3639 11,
961 3581 1001 3639 13,
1032 3579 1076 3626 15:
1104 3572 1174 3626 Nolo
1201 3591 1229 3626 ee
1259 3574 1370 3627 iuvenes

812 3642 880 3694 sotis
897 3641 1058 3700 instructos,
1076 3641 1098 3691 ei
1118 3658 1197 3708 quem
1210 3659 1242 3693 ex
1255 3641 1304 3703 his,
1324 3641 1370 3710 qui

811 3711 904 3761 breves
938 3708 1097 3777 pierumque
1131 3707 1370 3770 circumferuntur,

812 3776 879 3829 eriis
901 3775 1020 3828 libellum
1043 3773 1218 3840 edidicerint,
1248 3789 1276 3828 et
1297 3777 1370 3828 velut

811 3843 930 3897 decretis
952 3842 1139 3896 technicorum
1163 3849 1238 3896 tutos
1261 3851 1367 3911 putent.

812 3911 897 3963 multo
916 3911 1022 3978 labore,
1040 3910 1148 3964 assiduo
1167 3911 1273 3972 studio,
1293 3914 1370 3963 veria

812 3979 1015 4044 exercitatione,
1032 3979 1157 4048 piurimis
1168 3978 1368 4048 experimentis,

812 4045 942 4099 altissime
965 4045 1127 4114 prudentis,
1149 4047 1368 4115 praesentissimo

812 4113 927 4166 consilio
940 4119 1051 4166 constet
1065 4131 1110 4166 are
1126 4113 1240 4167 dicendi.
1252 4114 1264 4184 ΙΙ
1276 4117 1366 4195 ψαῦ’-

812 4185 855 4234 bet
872 4182 943 4249 nna]
962 4181 1012 4234 mit
1029 4180 1104 4232 einer
1123 4182 1213 4246 eiiein‚
1233 4182 1369 4236 naturiich

810 4251 859 4302 der
878 4250 923 4302 fir
940 4249 983 4302 die
1002 4247 1157 4316 wichtigste
1175 4250 1345 4317 geheitenen.

845 4391 869 4440 2.
890 4383 1054 4451 indiscrete]
1075 4385 1308 4450 unzcrtrenniich,
1325 4401 1368 4437 eo-
