3028 4882
579 279 698 336 OAPUT
716 279 778 349 VII,
797 284 914 336 ee-tt.
1289 278 1331 344 ’Π

147 449 212 516 hsc
243 449 293 514 uti
325 443 554 511 exercitatione
586 442 722 508 dicendi.
767 461 808 506 ne
840 439 874 506 id
906 439 1035 525 quidem
1066 439 1240 506 tacendum
1272 434 1378 526 est'tt

150 536 239 622 quod
261 535 364 601 eidem
378 531 526 600 Ciceroni
548 531 667 616 plsoet,
688 531 814 596 nullum
835 531 985 595 nostrum
1002 550 1141 612 usqusm
1157 530 1332 614 neglegen-

149 630 219 691 tem
242 645 312 690 esse
326 643 520 688 sermonem:
544 619 700 704 quidquid
721 621 890 702 loquemur
903 616 1110 702 ubicumque,
1133 617 1176 681 sit
1197 639 1257 702 pro
1271 640 1332 682 sus

149 714 274 780 seilicet
300 711 449 796 portione
480 708 668 793 perfectum.
714 707 920 774 scribendum
951 711 1038 770 certe
1069 727 1248 790 numquam
1280 709 1331 770 est

150 801 270 887 magis,
297 821 396 886 quam
422 819 497 864 cum
519 798 623 861 multa
650 795 793 862 dicemus
817 816 857 860 ex
879 798 1034 878 tempore.
1075 794 1122 859 ite
1149 795 1236 859 enim
1265 815 1330 859 ser·

146 890 281 955 rabitur
308 887 436 973 pondus
463 889 497 952 et
523 886 677 950 innatans
708 885 766 950 illc
793 883 967 949 verborum
993 882 1133 947 facilitas
1166 883 1201 946 in
1228 883 1331 948 altum

148 979 334 1061 reducetur,
363 975 446 1040 sicut
468 973 581 1039 rustici
603 973 768 1058 proximus
791 971 867 1038 ritis
890 971 1012 1036 radices
1036 973 1222 1056 smputsnt,
1249 992 1330 1054 quse

148 1067 241 1132 illem
263 1066 299 1130 in
323 1085 485 1129 summum
507 1061 613 1127 solum
635 1062 771 1145 ducunt,
796 1063 834 1125 ut
854 1059 1023 1124 inferiores
1046 1060 1176 1144 penitus
1200 1059 1330 1125 descen-

149 1152 256 1220 dendo
283 1153 459 1218 firmentur.
497 1172 534 1216 eo
556 1150 665 1215 nescio
689 1171 731 1214 sn
753 1153 938 1233 utrumque,
966 1169 1039 1214 cum
1062 1169 1138 1212 eura
1166 1151 1199 1212 et
1221 1147 1329 1213 studio
1342 1163 1376 1213 te

150 1242 334 1324 fecerimus,
357 1240 495 1305 invicem
517 1239 634 1323 prosit,
658 1242 695 1303 ut
709 1237 877 1303 scribendo
901 1236 1045 1302 dieamus
1059 1235 1260 1321 diligentius,
1284 1235 1330 1300 di·

150 1331 254 1397 cende
283 1329 463 1395 scribemus
490 1326 626 1392 facilius.
673 1325 878 1391 scribendum
905 1345 998 1411 ergo,
1030 1325 1179 1409 quotiens
1210 1325 1330 1409 licebit,

155 1420 183 1484 si
197 1419 231 1484 id
245 1440 311 1484 non
326 1417 468 1500 dabitur,
492 1414 713 1500 cogitandum:
737 1415 779 1479 ab
801 1417 938 1497 utroque
951 1413 1073 1478 exclusi
1087 1412 1206 1478 debent
1218 1416 1329 1478 tamen

148 1508 186 1571 id
200 1507 340 1589 efficere,
363 1508 400 1570 ut
413 1525 517 1588 neque
540 1504 716 1586 deprensus
731 1506 841 1571 orator
860 1501 964 1586 neque
986 1503 1133 1586 litigator
1155 1501 1329 1566 destitutus

151 1617 222 1660 csse
244 1595 400 1660 rideatur.

242 1682 435 1766 Plerumque
458 1683 566 1745 autem
589 1680 692 1745 multe
715 1679 887 1765 agentibus
912 1677 1041 1763 eccidit,
1063 1682 1101 1742 ut
1122 1678 1261 1742 maxime
1275 1700 1329 1742 ne·
1342 1700 1375 1748 30

149 1772 291 1836 cessuria
314 1775 346 1834 et
374 1770 484 1854 ntique
511 1769 607 1833 initis
630 1769 786 1851 scribent,
814 1771 920 1832 cetera
947 1787 1027 1851 quse
1057 1766 1152 1832 domo
1181 1766 1332 1832 adferunt

151 1859 348 1944 cogitatione
372 1859 642 1941 complectantur,
665 1857 782 1922 subitis
806 1877 845 1921 ex
867 1859 1012 1939 tempore
1037 1859 1221 1919 occurrant:
1246 1856 1334 1938 qnod,

151 1948 267 2012 fecisse
294 1945 338 2011 M.
361 1945 503 2010 Tullium
530 1946 770 2011 commentariis
797 1945 899 2029 ipsius
926 1947 1069 2028 apparet
1105 1944 1161 2008 sed
1183 1944 1332 2008 feruntur

151 2037 292 2100 eliorum
315 2056 440 2120 quoqne
465 2038 498 2098 et
519 2034 642 2099 inventi
664 2034 763 2118 forte,
786 2036 900 2098 utcos
924 2033 1067 2097 dicturus
1091 2033 1225 2118 quisque
1244 2053 1331 2097 oom-

152 2127 320 2208 posuerst‚
344 2124 434 2187 etin
456 2122 557 2187 libros
581 2122 712 2207 digesti,
739 2125 777 2187 ut
799 2143 967 2187 causarum
993 2143 1075 2204 quae
1098 2124 1174 2185 sunt
1197 2124 1287 2185 uotae
1311 2143 1331 2184 e

152 2211 268 2278 Servio
292 2209 447 2295 Sulpicio,
470 2211 560 2275 cuius
583 2214 649 2275 tres
674 2211 837 2276 orationes
861 2213 985 2274 extant:
1014 2209 1071 2273 sed
1091 2209 1127 2275 hi
1150 2209 1189 2273 de
1212 2209 1329 2293 quibus

153 2300 269 2384 loquor
296 2300 520 2364 commentarii
547 2299 594 2363 its
621 2301 696 2362 sunt
723 2300 840 2379 exacti,
867 2302 905 2363 ut
931 2299 972 2362 ab
1000 2298 1071 2382 ipso
1099 2297 1180 2362 milri
1207 2297 1242 2361 in
1264 2318 1330 2362 me-

152 2389 288 2452 moriam
315 2389 515 2472 posteritatis
542 2387 715 2452 videantur
741 2407 811 2452 esse
840 2387 1018 2471 compositi.
1059 2407 1136 2450 nem
1165 2383 1329 2452 Ciceronis
1341 2395 1373 2444 31

152 2474 195 2540 sd
217 2497 371 2559 praesens
386 2476 482 2541 modo
505 2479 633 2560 tempus
657 2479 786 2560 aptatos
810 2476 945 2541 libertus
961 2474 1037 2539 Tiro
1052 2475 1224 2539 contruxit:
1248 2496 1329 2557 qnos

153 2655 249 2702 orator
278 2650 349 2701 nach
379 2649 438 2702 Cic.
470 2649 549 2704 Brut.
578 2654 623 2712 27,
656 2653 713 2712 103,
768 2649 820 2701 ken
840 2649 900 2700 sich
918 2648 970 2700 eof
984 2647 1328 2714 die(gerichtliche)llede

153 2715 409 2769 welcherbemcrkt
426 2721 527 2782 §.1052
546 2716 713 2768 industrium
768 2716 817 2769 het
837 2715 1010 2768 vortereiten
1033 2715 1159 2781 kdnnen,
1182 2715 1231 2767 der
1254 2732 1327 2770 muss

151 2783 236 2837 etiam
259 2792 288 2836 et
305 2783 462 2851 diligentem
482 2792 510 2835 et
531 2782 560 2835 in
579 2783 712 2836 exercitu·
767 2781 1327 2836 dochselbstnnvorbereitetsnfzutreten

153 2850 274 2902 tionibus
291 2851 621 2931 commentationibusque
643 2851 713 2903 mul·
767 2851 803 2902 im
827 2850 933 2903 Stsnde
955 2849 1026 2932 sein,
1050 2849 1106 2902 nod
1128 2850 1186 2902 sein
1209 2851 1326 2931 Strehen

154 2919 713 3052 “tfttttt‘tl‘tttnullutn.
768 2934 925 3038 llz‘lll
943 2916 1031 3038 ltll
1045 2917 1329 3052 tltltttttl‘flr

155 3052 303 3106 auneisen.
327 3051 339 3120 ss
362 3052 482 3120 pondus]
502 3052 710 3118 Gediegenheit.
768 3053 813 3105 dis
830 3053 923 3106 subite
941 3052 1100 3106 necessitas:
1119 3071 1140 3105 s.
1157 3057 1183 3113 §-
1202 3055 1232 3118 2)
1245 3054 1328 3106 fiber-

152 3119 161 3187 Η
175 3119 322 3186 innatans]
340 3137 377 3173 sc.
395 3119 424 3170 in
437 3119 590 3187 superficie.
605 3120 615 3187 ΙΙ
628 3121 658 3171 in
672 3122 714 3172 al·
767 3121 872 3187 nocht,
911 3120 941 3173 in
985 3119 1180 3188 Verlegenheit
1223 3127 1330 3187 gesetzt

155 3186 225 3253 tum]
245 3187 274 3239 in
294 3186 470 3254 profundum.
768 3187 991 3255 (deprehensus),
1023 3190 1092 3240 noch
1122 3187 1171 3238 der
1199 3187 1327 3240 Process-

188 3255 448 3306 emeritensium.
469 3296 475 3309 .
496 3298 502 3309 .
521 3253 712 3322 cogitandum]
768 3255 910 3319 fdhrende,
929 3254 975 3307 for
992 3255 1045 3304 den
1066 3271 1096 3306 er
1117 3270 1150 3305 zu
1169 3252 1251 3305 reden
1269 3254 1328 3321 het,

153 3321 199 3373 die
218 3319 292 3372 Rede
310 3321 348 3372 ist
365 3320 424 3372 hier
443 3320 519 3373 nicht
536 3320 642 3373 sowohl
661 3338 714 3373 von
768 3323 803 3374 im
824 3322 919 3375 Stiche
936 3321 1060 3387 gelassen
1079 3339 1114 3374 nn
1135 3321 1193 3372 sein
1211 3321 1327 3375 scheint.

155 3389 215 3440 dem
245 3388 393 3439 schreiben
425 3387 479 3439 und
514 3388 574 3440 dem
608 3389 712 3440 Ueber-
803 3395 844 3443 30.
868 3388 980 3456 subitis]
1004 3388 1172 3457 pldtnlichen
1195 3387 1328 3442 Einwdr-

153 3455 275 3515 denken‚
292 3454 408 3508 welches
427 3455 499 3508 bloss
525 3471 576 3507 nur
597 3455 716 3522 Uehung
769 3457 823 3508 fen.
855 3456 865 3522 ΙΙ
898 3459 1112 3517 commentariis]
1147 3456 1328 3510 Denkschris-

154 3521 305 3589 geschicht‚
336 3523 375 3574 als
405 3522 535 3574 vielmehr
566 3540 619 3575 von
656 3523 714 3574 dem
769 3531 816 3576 ten
854 3525 891 3575 im
930 3523 1085 3576 weltesten'
1102 3524 1201 3586 Sinne3
1243 3525 1330 3578 daher

152 3589 306 3643 Verlshren
324 3589 352 3641 in
367 3589 527 3642 wirklichen
541 3590 647 3654 Fiden,
660 3607 714 3642 ron
770 3591 839 3643 such
862 3589 1052 3644 Notizhdcher
1073 3609 1109 3644 an
1132 3591 1252 3658 sigenem
1272 3594 1328 3646 Ge·

154 3657 203 3708 der
215 3657 402 3710 schriltlichen
415 3657 623 3724 Ansarbeitnng
639 3658 714 3724 oder,
768 3658 901 3723 brauche;
925 3658 953 3710 in
976 3658 1088 3711 solchen
1113 3660 1253 3712 aeichnete
1272 3661 1328 3713 also

104 3776 111 3787 ,
153 3740 234 3775 wenn
258 3724 314 3775 dies
338 3725 493 3790 unmoglich
516 3725 567 3790 ist,
590 3743 643 3778 von
667 3724 716 3777 der
771 3725 866 3778 Cicero
884 3725 996 3778 menime
1015 3728 1167 3780 necessarie
1187 3735 1217 3777 et
1235 3729 1331 3796 utique

153 3791 360 3858 Vorhereitung
386 3793 438 3844 auf
460 3792 506 3843 die
529 3810 563 3844 nu
587 3792 715 3844 haltende
768 3793 850 3845 initis
873 3793 935 3856 auf3
959 3811 980 3845 s.
1000 3813 1023 3846 ο.
1054 3794 1064 3860 ΙΙ
1093 3795 1240 3864 feruntur]
1263 3813 1284 3847 s.
1304 3800 1329 3862 1,

154 3858 229 3910 Rede
252 3858 338 3909 durch
360 3857 405 3909 die
423 3858 554 3925 cogitatio
576 3860 650 3928 (cup.
675 3863 714 3924 6).
770 3865 810 3912 24.
836 3860 846 3928 ΙΙ
870 3863 943 3912 etin
962 3863 1047 3913 libros
1066 3861 1178 3928 digesti]
1204 3860 1260 3914 also
1279 3879 1330 3915 aur

154 3925 218 3977 Dies
237 3925 323 3991 hingt
342 3942 497 3978 zusammen
518 3926 568 3978 mit
583 3926 631 3977 der
644 3927 714 3980 For·
769 3927 929 3995 Erhsltung
945 3927 991 3981 sdr
1009 3929 1117 3996 epitere
1129 3927 1226 3989 Leser3
1246 3947 1267 3984 s.
1280 3929 1330 3983 das

152 3993 260 4058 derung
283 3997 306 4056 ς.
329 3998 359 4058 4,
388 3993 449 4046 dass
473 3994 522 4045 der
547 3994 657 4046 Redner
678 3994 714 4046 im
769 3995 847 4062 Folg.
861 3996 872 4063 ΙΙ
884 3997 981 4047 Servio
994 3995 1129 4064 Sulpicio]
1149 4014 1173 4048 s.
1192 4003 1217 4058 1,
1237 4002 1294 4050 116.

153 4059 296 4116 Nothfalle
320 4064 485 4127 wenigstens
507 4060 559 4114 soll
577 4062 713 4113 unvorhe·
803 4067 843 4114 st.
867 4081 933 4114 nam
956 4065 1096 4115 Ciceronis
1119 4101 1151 4116 ..
1171 4063 1191 4132 .]
1215 4064 1330 4116 beiden

152 4127 246 4187 reitet,
265 4144 296 4178 ex
313 4136 366 4179 tem
389 4145 443 4188 ore,
467 4128 549 4180 reden
569 4129 712 4181 kdnnen.
769 4128 970 4182 commentariis
1000 4129 1046 4181 des
1077 4130 1174 4182 Cicero
1206 4131 1243 4184 ist
1272 4132 1329 4185 dics

154 4193 277 4246 Dieselbe
307 4145 470 4262 Forderung
500 4195 567 4263 liegt
596 4195 623 4246 in
654 4196 713 4248 dem
770 4197 848 4248 nicht
858 4197 907 4248 der
920 4196 995 4259 rain
1010 4196 1084 4250 denn
1104 4242 1109 4253 .
1131 4198 1233 4265 ..lind
1245 4217 1328 4268 prae-

115 4323 117 4330 y
154 4261 223 4327 hier,
242 4261 403 4328 folgenden:
422 4265 456 4315 ab
474 4272 592 4330 utroque
609 4265 714 4316 exclusi
768 4282 848 4322 sens.
863 4309 869 4321 .
883 4263 1000 4331 tempus]
1016 4264 1088 4317 alsor
1105 4264 1271 4320 utdicturus
1284 4285 1330 4320 ecs

153 4369 211 4385 ...
234 4329 380 4396 videatur]
407 4347 465 4382 wer
489 4330 580 4382 weder
601 4329 711 4383 schrift·
768 4330 1330 4401 composuerat:s.dasVorhergeh.lloon-

153 4395 218 4462 lich,
242 4397 312 4448 noch
329 4396 416 4450 durch
434 4397 536 4450 blosses
554 4397 711 4450 Ucberden·
768 4399 866 4466 traxit]
885 4398 962 4451 nicht
970 4400 1137 4466 gesammelt,
1150 4401 1270 4454 sondern
1283 4417 1330 4452 zn-
