3028 4882
557 268 677 325 CAPUT
696 269 729 338 V,
753 275 866 326 20-23.
1259 270 1302 333 67
1386 269 1389 272 ’

132 439 233 500 tetur:
256 433 382 499 iudiciis
405 432 533 498 intersit
554 453 651 516 quam
673 432 820 516 plurimis
844 434 877 496 et
899 431 942 495 sit
965 429 1161 516 certaminis,
1184 433 1236 498 cui
1255 434 1306 499 de-

135 525 286 609 stinatur,
308 521 460 607 frequens
483 524 655 604 spectator.
691 525 762 586 turn
785 542 898 584 causas
911 521 963 584 rel
986 519 1128 605 easdem,
1150 543 1229 605 quas
1252 522 1353 608 agito

136 613 285 695 audierit,
314 612 388 676 stilo
412 611 536 693 etipse
559 613 744 693 componat,
771 611 823 674 rel
846 609 944 672 etiarn
968 609 1060 695 alias,
1087 631 1180 674 veras
1202 611 1308 696 modo,

134 704 167 765 et
193 701 355 785 utrimque
382 701 502 763 tractet
533 700 579 782 et,
611 699 697 782 quod
725 698 760 761 in
792 696 1025 782 gladiatoribus
1056 698 1127 762 fieri
1153 698 1308 784 ridemus,

135 789 320 854 decretoriis
343 790 541 869 exerceatur,
568 790 605 850 ut
627 786 743 850 fecisse
765 785 904 850 Brutum
931 785 1068 850 diximus
1095 808 1154 870 pro
1177 785 1308 853 Milone.

134 878 249 942 melius
280 877 343 941 hoc
379 897 476 960 quam
511 875 685 939 rescribere
716 874 877 939 veteribus
910 874 1124 958 orationibus,
1160 877 1198 939 ut
1232 875 1310 939 fecit

135 965 261 1032 Cestius
293 968 405 1030 contra
427 961 592 1030 Ciceronis
625 964 785 1028 actionem
816 962 963 1027 habitam
990 984 1049 1046 pro
1078 963 1203 1048 eodem,
1236 985 1309 1027 cum
1336 1005 1339 1010 -

136 1056 271 1119 alteram
293 1057 419 1137 partem
442 1053 522 1117 satis
543 1074 640 1117 nosse
662 1074 731 1116 non
752 1055 864 1134 posset
887 1072 925 1114 ex
948 1052 1018 1116 sola
1040 1051 1233 1116 defensione.

224 1141 327 1208 Citius
350 1145 458 1206 autern
472 1141 508 1208 is.
523 1141 659 1206 idoneus
680 1140 741 1204 erit
758 1139 895 1222 iuvenis,
919 1161 1013 1222 quem
1036 1142 1226 1224 praeceptor
1240 1161 1309 1204 coe·
1320 1157 1353 1207 21

135 1232 219 1317 gerit
240 1231 276 1296 in
299 1229 508 1294 declamando
532 1251 630 1313 quam
653 1228 852 1292 simillimum
866 1249 935 1292 esse
948 1228 1077 1292 ueritati
1092 1231 1126 1292 et
1146 1249 1204 1312 per
1222 1231 1310 1294 totas

135 1322 184 1384 ire
213 1319 379 1402 materias,
415 1340 551 1402 quarum
582 1339 669 1382 nunc
700 1317 854 1382 facillima
886 1319 919 1380 et
950 1317 1087 1380 maxime
1118 1316 1311 1382 favorabilia

136 1408 319 1492 decerpunt.
357 1406 490 1470 obstant
511 1405 599 1489 huic,
628 1405 713 1489 quod
736 1404 874 1469 secundo
897 1405 970 1468 loco
992 1405 1101 1488 posui,
1124 1405 1191 1468 fere
1213 1406 1311 1470 turba

136 1497 367 1580 discipulorum
390 1497 422 1558 et
445 1494 643 1559 consuetudo
657 1494 809 1558 classium
832 1493 927 1557 certis
943 1492 1054 1557 diebus
1069 1493 1311 1578 audiendarum,

134 1585 283 1649 nonnihil
311 1584 409 1648 etiarn
440 1583 606 1667 persuasio
637 1586 768 1667 patrum
798 1581 1038 1646 numerantium
1069 1583 1179 1665 potius
1207 1582 1310 1646 decla·

135 1674 294 1738 motiones
317 1694 414 1756 quam
437 1671 687 1736 aestimantium.
729 1671 798 1752 sed,
822 1670 907 1754 quod
931 1669 995 1734 dixi
1017 1670 1136 1754 primo,
1163 1673 1200 1735 ut
1223 1666 1307 1734 arbi·
1321 1686 1355 1736 22

136 1765 218 1845 trcr,
240 1761 334 1844 libro,
355 1782 415 1824 nec
438 1760 492 1824 ille
516 1781 550 1824 se
572 1760 677 1824 bonus
699 1762 889 1843 praeceptor
912 1758 1032 1822 maiore
1055 1779 1189 1822 numero
1214 1781 1311 1842 quam

137 1850 296 1914 sustinere
323 1849 428 1932 possit
454 1848 602 1912 onerabit
629 1851 663 1912 et
689 1848 822 1910 nimiam
849 1847 1079 1930 loquacitatem
1109 1847 1242 1931 recidet,
1274 1851 1312 1911 ut

138 1939 263 2021 omnia,
277 1959 359 2021 quae
383 1940 459 2000 sunt
480 1937 516 2000 in
530 1937 762 2019 controversia,
783 1956 863 2018 non,
887 1938 924 1999 ut
937 1934 1067 2019 quidam
1084 1937 1206 2019 volunt,
1229 1956 1311 2019 quae

138 2028 174 2090 in
196 2048 304 2091 rerum
317 2028 448 2108 natura,
472 2025 632 2108 dicantur,
656 2028 688 2088 et
701 2026 753 2090 vel
775 2024 922 2108 longiore
945 2024 1053 2107 potius
1067 2022 1191 2088 dierum
1205 2025 1311 2108 spatio

138 2114 262 2179 laxabit
293 2114 418 2177 dicendi
439 2114 670 2178 necessitatem
702 2114 754 2176 vel
781 2112 933 2176 materias
965 2111 1105 2175 dividere
1136 2113 1311 2195 permittet.

138 2203 309 2288 diligenter
323 2201 437 2266 effecta
458 2204 532 2286 plus
555 2202 700 2286 proderit
718 2223 814 2284 quam
832 2202 940 2284 plures
962 2200 1135 2284 inchoatae
1163 2205 1196 2264 ct
1218 2201 1312 2285 quasi
1322 2225 1356 2276 23

138 2292 336 2375 degustatae.
381 2294 514 2374 propter
546 2289 630 2374 quod
663 2289 791 2371 accidit,
823 2293 860 2352 ut
886 2311 945 2354 nec
977 2310 1035 2353 suo
1068 2289 1139 2353 loco
1173 2289 1312 2374 quidque

137 2382 291 2463 ponatur,
322 2399 383 2442 nec
408 2379 465 2440 illa
493 2400 574 2460 quae
601 2379 706 2461 prima
734 2382 809 2441 sunt
842 2382 969 2441 servent
996 2399 1088 2440 suam
1114 2377 1234 2462 legem,
1265 2379 1312 2442 iu·

139 2571 174 2622 cf.
185 2572 248 2623 Sen.
269 2578 392 2622 controv.
403 2568 451 2620 IV.
464 2569 552 2636 praef.
571 2568 700 2622 Gemeint
788 2571 828 2620 22.
846 2569 935 2634 primo
950 2611 955 2622 .
970 2608 976 2619 .
990 2567 1072 2638 libro]
1091 2569 1113 2632 l,
1128 2575 1155 2634 2,
1167 2574 1210 2621 15:
1226 2586 1259 2622 ns
1279 2587 1312 2622 ue

138 2639 175 2690 ist
192 2638 254 2689 eine
272 2654 326 2690 von
345 2636 396 2688 den
416 2637 464 2689 das
484 2638 583 2689 Forum
607 2653 700 2703 umge·
754 2643 919 2704 praeceptor
940 2635 1029 2687 bonus
1052 2636 1154 2692 maiore
1176 2654 1205 2688 se
1222 2587 1312 2700 tudda,

137 2706 245 2757 benden
274 2703 478 2761 Siulenhallem
507 2702 609 2756 welche
631 2705 698 2755 auch
755 2719 834 2772 quam
853 2711 886 2754 ut
902 2703 1038 2755 sustinere
1056 2721 1114 2756 eam
1132 2703 1228 2772 possit,
1248 2723 1312 2755 one-

139 2790 174 2825 ιιι
193 2772 390 2839 gerichtliclren
403 2771 636 2839 Verhandlungen
653 2773 698 2822 be·

139 2847 220 2892 nutat
240 2841 362 2899 wurden;
384 2857 405 2896 s.
425 2857 459 2892 ru
479 2846 503 2905 3,
523 2845 564 2892 30.

174 2979 215 3027 20.
243 2982 269 3025 et
295 2972 365 3043 ipse]
395 2973 454 3024 hier
480 2973 558 3025 nicht
585 2973 700 3041 ‘gleich-

138 3041 221 3101 falls’‚
244 3043 362 3092 sondern
382 3039 464 3092 ‘auch
481 3041 587 3107 selbst',
605 3042 656 3094 wie
675 3047 700 3106 7,

139 3113 180 3166 26,
193 3108 204 3175 ll
217 3107 366 3176 utrimque}
377 3125 398 3160 s.
410 3111 434 3171 1,
446 3111 487 3159 22.
503 3107 513 3174 ΙΙ
527 3107 699 3176 decretoriis]

140 3177 236 3239 armis3
274 3176 342 3228 auch
378 3175 545 3242 pugnatoria
577 3184 702 3242 genennt

139 3245 217 3296 Suet.
228 3243 317 3310 Calig.
330 3247 377 3306 54;
397 3242 445 3294 das
459 3242 624 3309 Gegentheil
640 3242 702 3294 sind

140 3309 244 3363 lusoria
262 3311 326 3366 Sen.
346 3328 388 3377 ep.
409 3315 466 3373 117,
484 3315 524 3362 26.
549 3309 559 3376 ΙΙ
580 3311 702 3361 Brutum

140 3377 275 3444 diximus]
295 3383 319 3442 1,
338 3382 379 3430 23.
404 3376 414 3442 ΙΙ
431 3376 552 3445 Cestius]
571 3378 603 3431 L.
623 3377 700 3441 Ρίιιε,

140 3445 185 3496 ein
203 3443 387 3512 griechischer
404 3445 509 3496 Rhetor
525 3444 560 3496 im
574 3445 701 3510 Anfnnge

140 3512 188 3565 der
207 3512 369 3566 Kaiserzeit.

753 2769 865 2821 raverit.
879 2769 1027 2837 nouitium]
1048 2771 1168 2836 gemeint
1182 2771 1313 2824 scheinen

754 2837 870 2904 gemisse
882 2836 1079 2903 ungeschiekte
1091 2837 1202 2891 Lehrer.
1218 2838 1228 2905 ll
1241 2857 1314 2906 quae

754 2908 784 2957 in
820 2923 913 2956 rerum
948 2906 1067 2974 natura]
1105 2905 1311 2976 hyperbolisch:

755 2972 820 3024 alles
842 2973 873 3024 in
895 2972 943 3024 der
966 2972 1055 3037 Welt,
1079 2973 1143 3025 alles
1165 2973 1312 3040 Migliche.

757 3040 768 3108 ΙΙ
789 3040 905 3109 laxabit]
925 3040 994 3092 wird
1012 3040 1178 3093 susdehnen.
1198 3041 1313 3108 limate-

755 3109 815 3159 rios
833 3107 968 3174 dividere]
984 3108 1121 3160 natdrlich
1135 3109 1180 3160 fiir
1192 3109 1314 3161 mehrere

754 3175 847 3242 Tage3
875 3174 932 3227 also
957 3174 1033 3225 nicht
1055 3175 1089 3226 im
1116 3175 1314 3244 Widersprnclr

756 3242 806 3293 mit
832 3242 881 3293 der
908 3240 1073 3308 Forderung
1099 3259 1148 3311 per
1173 3251 1246 3294 totas
1274 3242 1315 3294 irc

756 3309 899 3362 materias:
918 3325 939 3360 s.
958 3326 983 3360 o.
1026 3363 1029 3367 ,

788 3448 828 3496 23.
849 3443 954 3510 effectu]
968 3465 1001 3488 =
1013 3445 1137 3512 perfecta
1151 3445 1188 3497 im
1202 3448 1313 3514 Gegen-

754 3520 815 3562 sata
837 3528 873 3564 zu
897 3511 1028 3564 inchoata
1046 3513 1132 3578 (auch
1150 3513 1184 3580 V,
1206 3520 1246 3579 13,
1264 3515 1313 3581 44)

753 3578 789 3630 im
808 3586 939 3647 spateren
957 3578 1063 3631 Latein.
1098 3580 1108 3648 {l
1132 3599 1204 3649 quac
1220 3583 1314 3650 primo

175 3651 217 3698 21.
237 3647 505 3727 favorabilithiufi
536 3646 579 3699 bei
590 3646 700 3710 Quint,
754 3648 832 3714 sunt]
862 3646 906 3698 die
925 3648 1155 3716 Anffingallnec
1175 3688 1180 3700 .
1202 3688 1208 3700 .
1228 3692 1233 3704 .
1253 3667 1313 3700 ser-

141 3716 211 3766 nooh
231 3713 307 3765 nicht
323 3713 367 3764 bei
385 3715 490 3766 Cicero.
509 3663 527 3781 l
554 3714 698 3780 classium]
754 3723 818 3766 vent
835 3733 916 3766 enam
929 3716 1023 3784 lepem]
1037 3739 1070 3759 =
1083 3715 1122 3768 sie
1135 3715 1245 3769 werden
1258 3733 1313 3768 von

140 3797 195 3832 von
206 3779 410 3846 Abtheilungen
423 3781 697 3846 verschiedenernrt,
753 3781 805 3833 den
821 3784 928 3849 jungen
940 3783 1069 3835 Rednern
1089 3799 1314 3850 uncngernessen,

141 3848 201 3899 hier
230 3847 278 3899 der
306 3845 436 3900 Schriler:
467 3847 545 3901 nicht
572 3849 615 3901 bei
652 3850 698 3900 Οἱ·
754 3849 1313 3918 insbesondereweitschwcifigbehandelt.

140 3933 214 3968 cero.
261 3915 272 3982 11
314 3915 473 3984 persuasio]
509 3915 700 3984 praeiudicata
755 3917 807 3968 Die
831 3917 993 3969 Furchtne
1019 3919 1161 3985 sequentia
1184 3918 1314 3986 perdant,

140 3983 241 4052 opinio.
272 3983 283 4049 ΙΙ
312 3986 520 4036 numerantium
548 4023 555 4035 .
586 4024 592 4036 .
618 4024 624 4036 .
653 4001 700 4035 oe·
754 3985 771 4036 d
808 3983 826 4038 i.
854 3985 915 4036 dass
939 3983 979 4034 sie
1011 3983 1054 4048 (in
1083 3984 1168 4052 Folge
1194 3985 1242 4037 der
1264 3987 1312 4038 be·

140 4048 329 4169 erimantium}
361 4049 482 4102 dasselbe
508 4050 577 4102 wird
604 4051 649 4114 11,
675 4056 702 4115 7,
754 4051 919 4104 schrinkten
938 4050 1017 4118 Zeit)
1042 4067 1085 4102 um
1105 4052 1154 4105 das
1172 4053 1313 4120 Folgende

141 4123 155 4170 1
208 4135 261 4169 von
328 4135 360 4168 en
412 4117 516 4169 Vitern
566 4118 699 4185 bemerkt,
755 4121 891 4184 kommen,
909 4119 1313 4174 wennsiczul'rirhaullrdren

139 4185 244 4238 welche
265 4185 317 4237 ‘ita
340 4185 446 4238 demum
473 4185 582 4237 studere
603 4185 701 4237 liberos
755 4186 875 4249 miissen,
894 4187 1045 4238 veranlasst
1061 4186 1099 4238 sie
1122 4188 1170 4242 das
1194 4187 1313 4242 Vorher·

139 4270 214 4317 suos,
231 4255 255 4304 si
274 4269 352 4320 quarn
373 4252 592 4320 frequentissime
610 4252 700 4304 decla·
756 4253 892 4320 gehcnde,
923 4253 1027 4322 priora,
1062 4253 1086 4308 d.
1113 4254 1131 4310 i.
1164 4255 1221 4320 das,
1255 4275 1313 4309 was

140 4320 292 4385 marerint,
320 4319 451 4386 credunt,
474 4337 534 4372 curn
562 4321 702 4389 profectus
755 4320 839 4373 ihnsn
857 4331 1044 4388 vorzutragen
1062 4330 1196 4389 gestattet
1212 4325 1257 4390 ist,
1277 4341 1312 4376 zu

139 4389 288 4456 praecipue
305 4386 450 4453 diligentia
468 4390 596 4441 constet.'
757 4387 921 4454 verwirren3
945 4390 1012 4440 eben
1035 4389 1171 4454 dederet,
1194 4391 1256 4444 dass
1273 4391 1313 4454 sie

1100 4478 1137 4528 5*
