3028 4882
576 233 696 318 curun
714 265 762 334 m,
781 269 894 320 21-25.
1281 253 1323 327 57

157 430 313 511 concepta
335 425 453 491 mentis
476 426 614 491 intentio
638 448 730 490 mora
744 429 778 490 et
800 425 962 490 interdum
983 425 1149 491 iracundia
1162 427 1329 493 excutitur.

155 520 226 580 tum
253 515 322 599 illa,
335 593 337 604 ,
351 537 432 600 quae
460 515 608 579 altiorem
636 515 736 579 animi
763 519 889 580 motum
912 518 1064 580 secuntur
1086 536 1229 599 quaeque
1257 517 1329 600 ipsa
1340 535 1372 583 21

156 606 299 670 animum
328 603 563 690 quodammodo
594 604 770 688 concitant,
804 625 939 688 quorum
967 607 1016 668 est
1042 603 1160 668 iactare
1187 627 1329 690 manum,

155 698 305 779 torquere
332 692 470 776 vultum,
502 692 616 756 femur
633 697 666 756 et
692 694 778 757 latus
810 693 940 757 interim
968 693 1152 778 obiurgare,
1185 715 1328 779 quaeque

155 782 285 847 Persius
309 785 415 864 notat,
439 803 510 845 cum
532 781 645 845 leviter
673 782 798 846 dicendi
826 803 928 866 genus
952 781 1127 868 significat,
1154 803 1223 845 nec
1245 784 1329 866 plu-

136 875 259 936 'teum
286 871 394 955 inquit
421 870 547 934 caedit
577 892 646 934 nec
678 871 875 936 demorsos
909 871 1011 953 sapit
1042 870 1198 954 unguis,
1231 871 1329 936 etiam

156 960 290 1024 ridicula
318 963 405 1042 sunt,
433 959 496 1023 nisi
524 980 596 1023 cum
624 959 684 1023 soli
712 982 830 1024 sumus.
876 959 1012 1042 denique
1039 962 1076 1022 ut
1104 960 1213 1043 semel,
1242 960 1374 1044 quodne

156 1051 206 1113 est
227 1048 497 1132 potentissimum,
520 1047 635 1130 dicam,
658 1051 825 1131 secretum,
844 1048 930 1132 quod
944 1047 1093 1112 dictando
1117 1049 1209 1131 perit,
1232 1053 1328 1133 atque

156 1136 293 1202 liberum
317 1136 448 1201 arbitris
470 1137 578 1202 locum
602 1141 634 1200 ct
662 1159 759 1221 quam
788 1136 980 1201 altissimum
1004 1136 1166 1200 silentium
1190 1137 1328 1201 scriben-

155 1226 243 1290 tibus
266 1225 404 1290 maxime
419 1225 589 1289 convenire
603 1245 698 1289 nemo
722 1225 924 1289 dubitaverit.
961 1245 1029 1290 non
1051 1229 1160 1289 tamen
1180 1226 1327 1308 protinus

156 1315 307 1378 audiendi
331 1314 386 1398 qui
409 1313 544 1378 credunt
568 1313 734 1396 aptissima
757 1314 791 1378 in
814 1314 876 1378 hoc
894 1335 1027 1378 nemora
1051 1313 1219 1397 silvasque,
1242 1315 1328 1398 quod

155 1403 212 1468 illa
235 1402 316 1467 caeli
337 1403 471 1466 libertas
493 1402 700 1487 locorumque
730 1404 908 1467 amoenitas
936 1402 1106 1467 sublimem
1130 1402 1272 1466 animum
1297 1407 1329 1468 et

154 1491 332 1556 beatiorem
350 1491 499 1574 spiritum
512 1495 637 1574 parent.
673 1491 752 1556 mihi
767 1495 851 1556 certe
874 1491 1031 1556 iucundus
1043 1491 1096 1555 hic
1111 1491 1215 1575 magis
1231 1513 1327 1576 quam
1340 1503 1374 1551 23

157 1581 337 1645 studiorum
364 1579 512 1644 hortator
539 1580 665 1644 ridetur
693 1601 762 1644 esse
791 1601 942 1664 secessus.
983 1602 1121 1664 namque
1149 1580 1219 1664 illa,
1247 1602 1328 1665 quae

155 1670 227 1752 ipsa
254 1670 427 1752 delectant,
459 1689 589 1733 necesse
618 1672 667 1733 est
699 1673 834 1733 avocent
862 1670 902 1733 ab
931 1669 1112 1732 intentione
1143 1669 1247 1753 operis
1276 1669 1328 1732 de-

157 1758 277 1822 stinati.
318 1778 422 1841 neque
455 1757 540 1820 enim
572 1778 605 1820 se
638 1758 724 1822 bona
752 1757 813 1821 lide
844 1757 880 1821 in
908 1759 1009 1820 multa
1040 1758 1135 1821 simul
1162 1757 1328 1821 intendere

156 1847 283 1910 animus
310 1849 415 1910 totum
442 1848 563 1929 potest,
596 1849 629 1909 et
656 1867 855 1931 quocumque
883 1845 1038 1930 respexit,
1065 1846 1183 1910 desinit
1209 1845 1328 1910 intueri

157 1935 241 2020 quod
264 1934 467 2019 propositum
496 1938 572 1998 erat.
614 1955 711 2019 quare
740 1935 893 1999 silvarum
921 1935 1100 1998 amoenitas
1127 1938 1160 1998 et
1187 1932 1372 2018 praeter-24
1400 2001 1401 2006 ,

155 2024 299 2094 labentia
321 2023 455 2087 flumina
478 2026 510 2086 et
532 2023 729 2106 inspirantes
752 2024 850 2088 ramis
865 2024 1016 2088 arborum
1030 2045 1126 2088 aurae
1149 2022 1328 2088 volucrum-

157 2133 218 2196 que
241 2116 355 2176 cantus
379 2115 412 2175 et
433 2112 504 2196 ipsa
525 2112 590 2176 late
615 2112 890 2197 circumspiciendi
913 2112 1045 2176 libertas
1065 2112 1105 2175 ad
1129 2133 1163 2175 se
1185 2112 1328 2195 trahunt,

156 2205 193 2266 ut
220 2201 301 2266 mihi
327 2201 491 2264 remittere
519 2201 627 2284 potius
654 2202 805 2285 voluptas
833 2201 897 2265 ista
923 2201 1070 2265 videatur
1098 2201 1327 2284 cogitationem

157 2311 254 2374 quam
277 2289 453 2353 intendere.
488 2285 725 2354 Demosthenes
740 2291 869 2374 melius,
892 2291 947 2374 qui
963 2311 995 2354 se
1010 2290 1045 2354 in
1068 2289 1187 2372 locum,
1211 2311 1249 2352 ex
1264 2310 1327 2373 quo
1339 2293 1373 2344 25

156 2379 246 2442 nulla
269 2377 414 2441 exaudiri
436 2399 498 2441 vox
521 2381 554 2442 et
576 2399 615 2441 ex
629 2400 692 2463 quo
710 2379 794 2443 nihil
815 2379 958 2463 prospici
980 2383 1102 2462 posset,
1125 2377 1329 2462 recondebat,

156 2489 197 2530 ne
221 2466 308 2530 aliud
341 2486 436 2550 agere
466 2470 607 2530 mentem
635 2471 787 2551 cogerent
815 2468 908 2531 oculi.
953 2467 1089 2550 ideoque
1121 2467 1328 2531 lucubrantes

156 2693 323 2748 schreibere.
353 2693 363 2760 Η
393 2711 464 2761 quae
487 2691 561 2762 erat]
586 2710 624 2746 sc.
650 2710 717 2746 con-

157 2769 238 2832 cepta
261 2764 340 2828 (tum,
368 2777 429 2813 cum
455 2760 561 2814 dicture
583 2760 718 2830 inciperet

157 2830 195 2895 is,
218 2828 251 2881 de
273 2845 327 2898 quo
346 2845 432 2882 sermo
456 2831 516 2892 eat).
546 2828 556 2895 Η
586 2837 717 2897 concepta

156 2898 255 2949 mentis
273 2899 403 2976 intentio]
421 2914 452 2949 ro
470 2896 524 2949 wie
541 2901 566 2964 ’1,
586 2901 630 2948 14:
650 2897 717 2949 bene

157 2963 581 3100 colllpilldldfjeecddslieberden.
605 3032 615 3100 Η
639 3031 714 3100 ipso]

156 3100 175 3153 i.
191 3117 214 3152 e.
227 3115 276 3168 per
287 3116 325 3152 se.
338 3098 348 3166 Η
362 3098 521 3217 obiurqarcp
540 3123 574 3144 =
586 3100 712 3164 caedere;

157 3170 193 3221 ci.
216 3169 293 3220 Suet.
319 3165 409 3233 Calig.
433 3172 478 3220 20:
514 3167 595 3219 erulis
621 3168 714 3220 obiur-

156 3234 226 3302 gari.
263 3237 327 3287 San.
344 3235 378 3287 de
399 3234 442 3285 ire
460 3241 486 3297 3,
504 3239 546 3301 12,
564 3240 594 3287 6:
617 3252 712 3288 servu-

156 3303 211 3354 lum
241 3301 324 3354 ietum
355 3301 512 3354 verberibus
543 3301 668 3368 obiurga.
701 3302 713 3369 Η

156 3370 281 3436 Persius]
310 3375 335 3435 1,
362 3371 419 3422 106.
449 3367 459 3436 Η
489 3370 596 3436 leviter]
633 3369 659 3424 d.
694 3369 714 3422 i.

157 3437 338 3504 neglegenter.
367 3436 377 3505 Η
407 3437 508 3504 caedit]
534 3436 581 3490 das
599 3437 715 3505 Subject

155 3505 193 3558 isc
221 3503 375 3573 derjenige,
408 3505 458 3557 der
491 3504 549 3556 sich
584 3505 627 3557 bei
656 3503 715 3556 dem

155 3573 304 3626 Schreiben
341 3573 418 3626 nicht
453 3579 607 3641 anetrengt.
657 3571 715 3624 Zur

156 3641 244 3694 Sache
262 3641 317 3708 vgl.
334 3640 465 3696 Honsat.
486 3641 508 3706 l,
527 3645 568 3708 10,
587 3646 632 3694 71:
651 3641 716 3706 (Lu-

157 3707 245 3773 cilius,
265 3725 344 3762 wenn
355 3725 384 3760 er
393 3710 562 3776 hentzntage
570 3709 715 3777 rubriche)

157 3775 231 3828 vivos
249 3774 359 3828 roderet
376 3792 487 3843 ungues.

190 3848 233 3898 22.
262 3851 295 3895 at
317 3845 397 3896 semel
419 3883 425 3896 .
449 3887 455 3900 ,
480 3883 485 3895 .
509 3845 613 3912 dicam]
640 3862 661 3896 s.
686 3850 715 3910 1,

159 3915 197 3964 17,
218 3911 229 3978 Η
261 3911 271 3978 Η
283 3911 425 3980 protinus]
445 3927 475 3966 s..
489 3916 513 3974 l,
531 3915 556 3965 3.
586 3911 596 3979 Η
626 3914 716 3980 aptis-

157 3980 227 4031 simo
250 3980 281 4030 ia
303 3979 362 4044 boe]
386 4001 419 4021 =
443 3977 478 4030 ad
502 3977 568 4039 hoc;
595 3980 714 4031 eunuch

157 4045 216 4104 aiv.
246 4050 292 4108 38,
322 4051 369 4098 21:
405 4061 503 4112 genere
532 4061 656 4114 pugnae,
686 4047 714 4099 in

158 4113 229 4182 qnod
249 4113 359 4165 rninirne
382 4113 442 4182 apti
459 4121 532 4166 eunt.
570 4112 713 4167 Ansdich-

157 4181 299 4234 teriechen
320 4181 484 4233 Gebrunohe
513 4181 605 4246 (ovid.
636 4188 712 4234 mett.

158 4255 198 4312 14,
218 4254 279 4303 765:
298 4249 400 4301 formas
418 4249 485 4302 dene
504 4257 585 4318 aptus
608 4249 637 4300 in
657 4267 713 4301 onr-

158 4321 214 4382 nes)
237 4317 266 4370 in
289 4316 333 4368 die
355 4317 462 4386 epitere
489 4317 575 4370 Prosa
598 4317 713 4382 riberge-

156 4401 274 4452 gangen.
290 4385 300 4451 Η
313 4385 616 4452 onimumlstirntnung.
629 4386 637 4452 Η
651 4388 713 4437 bea-

772 2694 868 2746 tiorem
886 2692 1030 2762 spiritum]
1043 2713 1065 2746 s.
1079 2711 1113 2746 au
1128 2698 1151 2761 1,
1164 2697 1206 2746 44.
1224 2695 1328 2762 Wegen

770 2761 867 2814 beatus
884 2779 905 2814 e.
926 2767 951 2828 1,
969 2765 1000 2813 61
1019 2779 1046 2814 u.
1067 2767 1125 2818 109.

805 2835 847 2884 23.
866 2829 941 2898 ipsa]
961 2848 982 2883 e.
1003 2846 1038 2880 zu
1058 2833 1080 2889 ,1.
1094 2835 1135 2884 21.
1149 2827 1159 2894 Η
1171 2831 1244 2880 bona
1255 2829 1326 2897 fide]

771 2896 826 2964 vgl.
847 2901 872 2964 ’1,
897 2903 925 2949 12
948 2898 1037 2950 bonae
1055 2897 1118 2948 fidei
1135 2896 1210 2962 viro;
1229 2897 1328 2962 gewis-

770 2964 891 3028 senhait,
901 2965 951 3018 mit
960 2965 1141 3032 aufrichtiger
1150 2963 1328 3030 llingebung,

771 3032 903 3086 ernetlich
921 3057 955 3077 =
966 3033 1006 3086 ita
1019 3040 1050 3086 ut
1062 3033 1162 3085 officiis
1174 3034 1231 3084 suis
1244 3032 1329 3102 probe

769 3101 948 3220 {tebth
961 3100 1329 3236 jiitetliiwskprlililf

768 3237 887 3297 brunch;
912 3236 946 3287 ci.
965 3236 1024 3288 cic.
1047 3236 1079 3287 de
1103 3237 1150 3288 off.
1169 3241 1199 3299 3,
1220 3240 1260 3291 15,
1280 3240 1327 3287 61:

768 3303 827 3355 eine
845 3303 905 3370 lege
917 3301 1032 3363 iudiciis,
1051 3303 1081 3354 in
1100 3303 1198 3372 quibus
1217 3301 1329 3356 additur

769 3389 802 3422 ea
840 3373 873 3422 de
889 3373 973 3434 tona,
996 3371 1026 3422 in
1044 3370 1132 3423 denen
1150 3369 1198 3422 der
1216 3369 1329 3422 Richter

770 3373 894 3502 (arbiter)
910 3454 962 3490 nur
975 3439 1045 3490 nach
1057 3439 1168 3505 eigeuer
1179 3437 1327 3504 gewissen-

769 3505 862 3558 hafter
874 3506 1096 3574 Ueberzeugung
1108 3523 1142 3558 zu
1155 3503 1327 3558 entscheiden

770 3573 856 3639 hatte,
876 3573 953 3627 nicht
972 3575 1041 3626 nach
1054 3575 1102 3626 der
1118 3591 1172 3627 von
1185 3572 1245 3625 dem
1257 3573 1327 3624 Prii-

769 3649 814 3694 tor
831 3643 986 3709 gegebenen
1008 3642 1188 3695 Instruction.
1202 3641 1212 3709 Η
1223 3658 1329 3709 propo·-

770 3710 864 3790 sttnm]
874 3710 1074 3792 anteprechend
1084 3711 1143 3763 dem
1155 3711 1329 3776 Gegensatze

770 3788 1061 3898 1n2r5espppp,⁸ffiem
1071 3845 1181 3910 melius]
1196 3843 1266 3896 nach
1279 3842 1328 3896 der

769 3913 928 3964 bekannten
938 3911 1102 3980 Erzthlung
1113 3912 1158 3964 bei
1168 3912 1242 3966 Plut.
1252 3911 1327 3963 Dem.

770 3997 794 4033 c.
815 3986 838 4033 7.
863 3979 874 4046 Η
898 3983 1153 4033 lucubrantes...
1174 3978 1276 4046 teneor]
1294 4002 1328 4022 =

769 4047 958 4108 lucubranda,
983 4055 1015 4100 ut
1038 4089 1044 4101 .
1071 4065 1171 4105 ..nos
1190 4055 1292 4102 teneat.
1313 4047 1326 4117 Η

769 4114 873 4183 lumen]
909 4117 954 4168 fiir
985 4115 1111 4179 lucerna3
1145 4117 1179 4168 ci.
1211 4115 1267 4168 Cic.
1294 4114 1328 4170 de

768 4181 853 4235 divin.
874 4187 902 4248 1,
926 4189 971 4236 36:
990 4183 1092 4236 lumine
1109 4182 1242 4252 adposito.
1258 4183 1269 4251 Η
1281 4203 1327 4236 ve-

769 4253 812 4302 lut
830 4249 929 4320 rectos]
943 4251 985 4304 die
994 4251 1051 4304 LA.
1065 4252 1114 4304 der
1125 4252 1220 4305 besten
1232 4251 1327 4304 Hand·

768 4318 900 4371 schriiten
922 4327 1012 4374 rectos
1036 4319 1074 4372 ist
1096 4319 1210 4373 sinnlos.
1245 4320 1326 4372 Halm

769 4385 862 4450 meint,
898 4403 925 4438 es
960 4387 997 4439 sei
1029 4387 1218 4440 verscbrieben
1255 4395 1326 4438 etwa
