3028 4882
185 203 205 266 6
633 200 752 256 oneur
770 203 791 269 1,
811 207 890 256 5-o.

184 387 246 450 que
269 369 302 429 et
328 363 469 450 eligendi
492 367 524 426 et
546 363 736 428 conlocandi
758 363 918 427 rationem
940 363 1125 447 perceperit,
1151 365 1361 450 instruamus,

184 477 249 540 qua
275 453 402 517 ratione
429 451 516 536 quod
547 452 694 517 didicerit
720 451 825 515 facere
853 473 951 536 quarn
979 453 1115 537 optime,
1146 475 1243 537 quam
1270 455 1361 519 facil-

183 543 260 606 lime
282 542 396 627 possit.

158 643 174 690 5
272 628 361 694 Num
388 649 466 714 ergo
493 629 627 693 dubium
655 631 718 713 est,
742 629 821 712 quin
844 629 874 691 ei
896 628 986 692 velut
1010 649 1087 711 opes
1111 630 1178 693 sint
1200 631 1359 714 quaedam

185 719 355 804 parandae,
378 717 495 802 quibus
518 718 575 799 uti,
597 717 789 800 ubicumque
813 717 1029 781 desideratum
1053 718 1124 800 erit,
1145 720 1271 802 possit?
1301 742 1358 784 eae

159 811 337 880 cconstant
368 807 461 892 copia
491 829 599 870 rerum
631 828 669 870 ac
700 807 881 870 verborum.
931 805 987 869 sed
1018 827 1070 869 res
1101 808 1250 891 propriae
1283 813 1360 872 sunt

184 897 336 980 cuiusque
359 917 475 960 causae
499 897 556 958 aut
577 894 688 978 paucis
712 915 911 977 communes,
933 895 1033 958 verba
1055 895 1091 958 in
1113 896 1279 960 universas
1301 919 1357 980 pa-

182 985 299 1049 randa:
327 1006 409 1067 quae
437 985 465 1047 si
491 983 588 1047 rebus
613 983 750 1068 singulis
773 987 880 1046 essent
902 983 1040 1068 singula,
1065 984 1224 1048 minorem
1247 1007 1358 1048 curam

182 1074 400 1157 postularent:
427 1094 504 1136 nam
532 1075 649 1136 cuncta
672 1094 741 1136 sese
769 1093 842 1135 cum
868 1071 948 1155 ipsis
970 1072 1119 1155 protinus
1147 1074 1242 1137 rebus
1266 1075 1358 1138 offer·

182 1165 264 1226 rent.
311 1161 366 1225 sed
398 1183 470 1224 cum
506 1161 572 1224 sint
599 1161 670 1225 aliis
699 1161 764 1224 alia
791 1164 848 1224 aut
874 1161 978 1245 magis
1006 1162 1139 1244 propria
1170 1165 1227 1227 aut
1253 1163 1357 1247 magis

183 1254 299 1316 ornata
322 1254 378 1313 aut
398 1250 473 1333 plus
492 1249 665 1314 efficientia
687 1253 745 1312 aut
766 1249 880 1313 melius
894 1249 1055 1332 sonantia,
1077 1250 1195 1315 debent
1208 1273 1278 1315 esse
1291 1273 1359 1316 non

183 1341 289 1406 solum
309 1343 390 1402 nota
413 1339 531 1422 omnia,
554 1338 610 1402 sed
632 1338 667 1400 in
684 1342 837 1422 promptu
852 1340 957 1421 atque,
980 1342 1017 1402 ut
1031 1338 1078 1402 ita
1098 1339 1212 1424 dicam,
1233 1340 1268 1402 in
1283 1363 1357 1404 con-

183 1431 307 1512 spectu,
334 1431 384 1510 ut,
411 1449 484 1490 cum
511 1449 545 1490 se
567 1427 685 1490 iudicio
715 1427 849 1490 dicentis
885 1427 1096 1512 ostenderint,
1119 1428 1222 1492 facilis
1246 1451 1284 1492 ex
1306 1429 1357 1492 his

157 1518 378 1601 coptimorum
411 1515 454 1578 rit
485 1516 608 1580 electio.
656 1516 719 1580 scio
747 1517 884 1596 equidem
913 1536 995 1598 quae
1022 1515 1107 1580 idem
1137 1517 1359 1602 significarent

183 1607 295 1669 solitos
323 1604 477 1687 ediscere,
505 1627 569 1688 quo
597 1603 724 1668 facilius
755 1608 787 1667 et
811 1607 992 1668 occurreret
1014 1626 1116 1668 unum
1140 1628 1178 1669 ex
1201 1605 1359 1690 pluribus,

181 1699 222 1777 et,
247 1715 321 1757 curn
343 1697 452 1757 essent
474 1695 525 1758 usi
548 1695 666 1778 aliquo,
690 1693 718 1756 si
740 1693 838 1756 breve
859 1693 947 1756 intra
970 1694 1112 1777 spatium
1140 1716 1252 1760 rursus
1276 1695 1358 1758 desi·

181 1783 356 1866 deraretur,
379 1781 578 1867 effugiendae
601 1781 802 1865 repetitionis
827 1780 933 1866 gratia
957 1786 1123 1846 sumerent
1145 1784 1245 1864 aliud,
1271 1783 1358 1866 quod

180 1872 266 1935 idem
292 1871 435 1954 intellegi
462 1875 582 1954 posset.
628 1870 714 1952 quod
742 1892 815 1933 cum
838 1874 887 1934 est
918 1871 1041 1952 puerile
1064 1873 1097 1934 et
1120 1873 1286 1935 cuiusdam
1309 1873 1357 1934 in-

180 1959 283 2024 felicis
312 1980 442 2042 operae,
468 1964 539 2021 tum
566 1959 665 2021 etiam
692 1959 770 2020 utile
797 1979 926 2039 parum:
957 1958 1087 2020 turbam
1109 1961 1238 2036 tantum
1260 1959 1358 2024 modo

181 2050 368 2131 congregat,
391 2069 430 2110 ex
452 2068 517 2130 qua
539 2045 608 2109 sine
630 2045 814 2108 discrimine
838 2047 973 2126 occupet
990 2045 1174 2127 proximum
1199 2047 1359 2131 quodque.

155 2147 172 2195 8
269 2133 374 2200 Nobis
401 2139 509 2198 autem
537 2135 630 2217 eopia
657 2155 730 2196 cum
757 2133 877 2197 iudicio
899 2133 1045 2215 paranda
1075 2137 1125 2197 est
1147 2135 1213 2199 vim
1236 2137 1359 2216 orandi,

182 2247 248 2288 non
273 2224 508 2288 circulatoriam
523 2222 758 2288 volubilitatem
782 2221 1014 2305 spectantibus.
1059 2221 1092 2286 id
1116 2227 1224 2288 autem
1247 2247 1359 2290 conse-

181 2457 215 2478 =
234 2432 429 2485 Gedanken.
447 2433 458 2500 ss
479 2434 742 2498 clipenrlictconlo·
832 2436 855 2484 7.
884 2430 993 2498 solitos]
1022 2432 1092 2483 ohne
1122 2433 1271 2486 besondere
1305 2436 1357 2486 Be·

181 2504 266 2554 candi
285 2499 433 2568 rationem]
452 2500 543 2552 beides
560 2499 695 2567 begriffeu
712 2499 742 2552 iu
797 2499 1254 2567 aeichnuagdesSubjectsbegriffs
1265 2505 1359 2570 (quos-

180 2569 229 2620 der
258 2568 386 2620 elocutio.
411 2568 421 2635 ΙΙ
444 2569 547 2636 facere]
571 2593 604 2612 =
623 2567 741 2634 exsequi,
796 2567 885 2632 dam),
909 2568 1009 2619 ebenso
1031 2572 1057 2630 §.,
1080 2572 1126 2618 56:
1150 2567 1247 2620 audire
1265 2570 1359 2621 videor

181 2635 320 2706 prektisch
348 2637 510 2690 aniveuden.
547 2637 582 2693 cf.
610 2635 671 2698 x11,
701 2642 742 2699 10,
797 2635 986 2700 congerentes.
1019 2633 1029 2699 ΙΙ
1064 2635 1233 2702 occurreret]
1266 2660 1300 2680 =
1329 2637 1358 2688 iu

182 2710 224 2758 7⁷:
244 2705 338 2772 Neque
351 2721 415 2757 vero
435 2704 526 2755 omnia
545 2705 606 2768 ista,
627 2702 659 2754 de
679 2702 741 2770 qui·
797 2712 911 2752 mentem
931 2699 1048 2751 veniret.
1070 2700 1081 2767 ΙΙ
1103 2701 1224 2766 infelicis
1243 2705 1355 2772 operae]

181 2773 232 2824 bus
245 2772 443 2834 locuti'sumus,
465 2779 560 2824 orator
572 2773 740 2837 optimetau-
796 2770 831 2821 cf.
850 2774 874 2828 3,
895 2773 939 2829 10;
959 2772 1040 2834 2143
1060 2767 1122 2818 eine
1134 2767 1229 2832 Mithe,
1249 2774 1297 2824 mit
1309 2772 1358 2824 der

182 2848 248 2904 tum,
268 2840 412 2892 sedetiam
430 2842 564 2905 facillime
580 2839 672 2904 faciet.
796 2853 857 2888 man
876 2834 933 2886 sich
952 2834 1037 2898 (ohne
1055 2835 1144 2898 Noth)
1156 2838 1268 2904 quailt3
1289 2840 1359 2896 auch

796 2903 844 2954 mit
866 2902 926 2953 dem
949 2901 1151 2968 Nebenbegriff
1176 2904 1225 2956 der
1247 2908 1359 2972 Erfolg-

796 2969 922 3036 losigkeit
946 2971 1002 3021 und
1026 2971 1286 3041 Uafruchtbarkeit,
1306 2977 1358 3026 wie

795 3044 819 3096 2,
848 3041 873 3088 8.
895 3038 905 3104 l
926 3039 1088 3104 conpreput]
1115 3038 1162 3090 das
1186 3041 1305 3108 Subject
1322 3042 1359 3095 ist

796 3104 875 3156 nicht
896 3105 944 3156 dus
970 3105 1191 3170 vorhergehende
1215 3110 1288 3175 quod
1314 3111 1358 3176 (=

794 3173 842 3224 das
868 3171 1154 3240 Auswendiglerneu)‚
1180 3173 1268 3228 durch
1293 3176 1360 3228 wel-

795 3242 856 3292 ches
886 3240 941 3292 dics
967 3241 1086 3292 bewirkt
1114 3241 1196 3305 wird3
1228 3245 1359 3296 vielmehr

794 3308 831 3360 ist
849 3308 907 3359 hier
925 3307 964 3360 als
977 3309 1092 3376 subject
1110 3325 1144 3360 zu
1161 3309 1268 3364 deuleu
1288 3313 1360 3364 der-

791 3377 906 3444 jenige
930 3376 1066 3439 (einer),
1089 3377 1147 3428 der
1174 3377 1244 3430 dies
1270 3380 1355 3431 thut.

796 3445 903 3495 Ebeuso
922 3449 947 3508 7,
967 3449 1013 3494 25:
1033 3451 1116 3495 estet
1133 3443 1180 3493 illa
1196 3448 1357 3499 exercitatio

795 3510 936 3576 cogitandi
959 3516 1084 3576 totasque
1107 3511 1235 3563 materias
1259 3513 1301 3565 rel
1319 3514 1356 3566 si-

795 3577 890 3640 lcntio,
908 3577 971 3627 dum
991 3583 1081 3627 tamen
1102 3577 1180 3644 quasi
1193 3581 1270 3631 dicat
1282 3582 1358 3634 intre

217 3656 240 3706 6,
263 3651 392 3718 propria]
417 3650 465 3705 das
490 3650 654 3716 Gegeutheil
678 3649 740 3700 sind
795 3645 936 3724 seipsum,
956 3644 1143 3760 persepuendi,
1180 3645 1272 3714 Desgl.
1291 3654 1354 3713 7,4.

183 3719 333 3772 translata:
355 3737 375 3770 s.
396 3735 422 3774 u.
447 3723 472 3782 5,
492 3724 508 3770 4
528 3718 582 3768 und
600 3723 625 3770 8.
662 3718 696 3768 cf.
717 3718 740 3781 l,
794 3711 1038 3776 Unnothrgistda
1059 3711 1358 3784 erdieVerdnderung

182 3792 209 3852 5,
233 3793 278 3840 71:
302 3785 415 3856 propria
439 3794 504 3838 sunt
521 3787 614 3848 verba,
632 3802 694 3836 cum
712 3783 740 3834 id
793 3779 823 3830 lu
843 3787 1014 3844 conprepnut
1038 3779 1092 3830 und
1115 3793 1256 3848 oceerpent.
1294 3784 1357 3851 Vgl.

182 3855 355 3922 significant,
381 3853 410 3905 in
436 3853 508 3922 quod
536 3854 624 3921 primo
654 3853 738 3903 deno·
795 3846 852 3898 Cic.
864 3847 897 3898 de
911 3847 958 3897 off.
972 3845 996 3910 Ι,
1010 3851 1051 3905 34,
1066 3849 1165 3900 121281
1179 3858 1281 3902 natura
1300 3869 1355 3903 nou

184 3924 287 3974 minata
305 3930 382 3974 sunt:
402 3921 548 3979 translata,
577 3938 636 3971 cum
660 3921 742 3971 alium
797 3915 874 3978 feret,
893 3923 924 3966 ut
941 3915 1072 3982 quaedam
1086 3915 1189 3967 imitari
1202 3921 1303 3985 poerit,
1320 3937 1357 3972 sc.

185 3999 283 4042 natura
296 3989 477 4052 intellectum,
495 3989 578 4040 alium
591 3989 649 4039 loco
663 4005 743 4054 prae·
797 3983 820 4034 is
839 3983 886 4050 qui
899 3982 1024 4034 imitatur
1038 3983 1160 4044 maiores,
1181 4003 1280 4038 wovon
1295 4003 1358 4038 vor-

182 4059 257 4110 bent.
280 4059 290 4123 ΙΙ
313 4076 369 4110 non
400 4059 488 4109 solum
507 4098 514 4111 .
535 4099 540 4109 .
561 4095 567 4108 .
586 4055 646 4124 sed]
677 4056 743 4106 iiber
798 4051 845 4101 her
863 4051 907 4101 dle
926 4049 1000 4102 Rede
1020 4067 1084 4102 war.

121 4179 124 4186 ,
183 4125 236 4175 den
255 4124 435 4177 Unterschied
457 4123 594 4176 desselben
613 4141 667 4174 von
687 4140 742 4174 non

122 4189 125 4193 ’
183 4192 266 4244 solum
297 4193 433 4258 (tautum)
545 4191 592 4243 sed
621 4192 742 4244 etiams.
836 4192 859 4240 8.
894 4207 955 4240 cum
984 4188 1098 4254 iudicio]
1136 4191 1293 4254 Gegensatz
1324 4207 1360 4242 zu

184 4260 234 4315 Kr,
254 4262 303 4316 Gr.
322 4264 346 4322 §.
366 4264 415 4313 539
434 4260 463 4311 ff.
494 4259 554 4326 Vgl,
574 4261 598 4324 §.
612 4264 636 4314 8,
656 4264 682 4326 3,
700 4263 742 4314 20,
797 4257 855 4307 dem
891 4256 1132 4320 vorhcrgehendeu
1168 4257 1227 4308 sine
1261 4257 1360 4310 discri-

183 4333 208 4394 5,
228 4333 251 4380 5.
272 4333 295 4394 7,
316 4332 356 4380 16.
798 4324 876 4375 mine.
901 4324 911 4391 ΙΙ
935 4325 990 4375 uim
1008 4323 1120 4391 orandi]
1141 4341 1162 4376 s.
1183 4341 1218 4375 zu
1236 4329 1260 4388 §.
1282 4331 1307 4394 l,
1326 4350 1361 4370 =

215 2948 239 2995 5,
273 2961 340 2993 aum
369 2959 433 3007 erpo
463 2943 579 2992 dubium
608 2939 738 3007 est...]

182 3009 348 3074 Uebergang
375 3026 409 3060 zu
436 3008 495 3058 dem
524 3007 653 3070 Beweisc,
680 3007 740 3058 dass

181 3077 254 3129 dieue
264 3075 474 3141 Heranbilduug
487 3093 536 3126 zur
548 3075 740 3127 reduerischeu

181 3144 277 3196 Praxis
295 3143 429 3195 runichst
446 3145 508 3194 eine
526 3142 643 3210 ficissige
660 3142 740 3193 Lec-

181 3212 257 3264 titre
285 3212 430 3274 erfordere,
460 3212 510 3262 mit
536 3210 654 3262 welcher
676 3210 741 3262 aber

183 3281 252 3332 auch
270 3281 319 3332 das
333 3281 463 3332 Auhdreu
482 3287 563 3346 guter
579 3278 687 3330 Muster
705 3295 738 3329 zu

181 3348 333 3399 verbinden
351 3349 402 3411 ist3
422 3365 443 3399 s.
461 3352 486 3411 S.
505 3352 530 3398 8.
552 3347 562 3412 ΙΙ
587 3350 662 3398 uelat
681 3388 688 3399 .
707 3385 714 3396 .
733 3385 739 3400 .

182 3414 332 3483 quaedam]
360 3415 454 3480 hiufig
481 3414 525 3464 bei
556 3414 668 3476 Quint:
698 3413 741 3464 bei

183 3482 278 3533 Cicero
296 3482 467 3547 gewiihnlicb
486 3481 564 3548 quasi
587 3482 652 3532 oder
670 3487 741 3531 tam·

183 3566 262 3616 quam
282 3549 400 3616 quidam.
