<?xml version="1.0" encoding="UTF-8"?>
<!DOCTYPE html PUBLIC "-//W3C//DTD XHTML 1.0 Transitional//EN"
    "http://www.w3.org/TR/xhtml1/DTD/xhtml1-transitional.dtd">
<html xmlns="http://www.w3.org/1999/xhtml" xml:lang="en" lang="en">
 <head>
  <title>
</title>
<meta http-equiv="Content-Type" content="text/html;charset=utf-8" />
  <meta name='ocr-system' content='tesseract 3.04.00' />
  <meta name='ocr-capabilities' content='ocr_page ocr_carea ocr_par ocr_line ocrx_word'/>
</head>
<body>
  <div class='ocr_page' id='page_1' title='image "./mfabiiquintilia12quingoog_0093.png"; bbox 0 0 3028 4882; ppageno 0'>
   <div class='ocr_carea' id='block_1_1' title="bbox 202 273 933 342">
    <p class='ocr_par' dir='ltr' id='par_1_1' title="bbox 202 273 933 342">
     <span class='ocr_line' id='line_1_1' title="bbox 202 273 933 342; baseline -0.004 -12"><span class='ocrx_word' id='word_1_1' title='bbox 202 275 244 340; x_wconf 81' lang='grc'><strong>’10</strong></span> <span class='ocrx_word' id='word_1_2' title='bbox 637 273 755 330; x_wconf 76' lang='lat' dir='ltr'>CAPUT</span> <span class='ocrx_word' id='word_1_3' title='bbox 774 273 835 342; x_wconf 86' lang='lat' dir='ltr'><strong>VII,</strong></span> <span class='ocrx_word' id='word_1_4' title='bbox 855 280 933 328; x_wconf 82' lang='grc'>1-3.</span> 
     </span>
    </p>
   </div>
   <div class='ocr_carea' id='block_1_2' title="bbox 195 436 1372 699">
    <p class='ocr_par' dir='ltr' id='par_1_2' title="bbox 195 436 1372 699">
     <span class='ocr_line' id='line_1_2' title="bbox 195 436 1371 522; baseline -0.003 -19"><span class='ocrx_word' id='word_1_5' title='bbox 195 442 228 503; x_wconf 90' lang='lat' dir='ltr'><strong>et</strong></span> <span class='ocrx_word' id='word_1_6' title='bbox 254 461 294 504; x_wconf 84' lang='lat' dir='ltr'><strong>ex</strong></span> <span class='ocrx_word' id='word_1_7' title='bbox 321 438 476 504; x_wconf 90' lang='lat' dir='ltr'><strong>memoria</strong></span> <span class='ocrx_word' id='word_1_8' title='bbox 507 437 615 522; x_wconf 87' lang='lat' dir='ltr'><strong>potius</strong></span> <span class='ocrx_word' id='word_1_9' title='bbox 642 458 693 502; x_wconf 87' lang='lat' dir='ltr'><strong>res</strong></span> <span class='ocrx_word' id='word_1_10' title='bbox 724 437 864 521; x_wconf 88' lang='lat' dir='ltr'><strong>petimus</strong></span> <span class='ocrx_word' id='word_1_11' title='bbox 892 458 990 520; x_wconf 90' lang='lat' dir='ltr'><strong>quam</strong></span> <span class='ocrx_word' id='word_1_12' title='bbox 1017 457 1055 500; x_wconf 85' lang='lat' dir='ltr'><strong>ex</strong></span> <span class='ocrx_word' id='word_1_13' title='bbox 1086 436 1231 501; x_wconf 86' lang='lat' dir='ltr'><strong>materia.</strong></span> <span class='ocrx_word' id='word_1_14' title='bbox 1275 438 1371 519; x_wconf 90' lang='lat' dir='ltr'><strong>plura</strong></span> 
     </span>
     <span class='ocr_line' id='line_1_3' title="bbox 196 524 1372 611; baseline -0.003 -19"><span class='ocrx_word' id='word_1_15' title='bbox 196 531 271 592; x_wconf 80' lang='lat' dir='ltr'><strong>srmt</strong></span> <span class='ocrx_word' id='word_1_16' title='bbox 284 530 406 611; x_wconf 86' lang='lat' dir='ltr'><strong>autem,</strong></span> <span class='ocrx_word' id='word_1_17' title='bbox 429 525 457 592; x_wconf 90' lang='lat' dir='ltr'><strong>si</strong></span> <span class='ocrx_word' id='word_1_18' title='bbox 470 529 644 611; x_wconf 89' lang='lat' dir='ltr'><strong>utcumque</strong></span> <span class='ocrx_word' id='word_1_19' title='bbox 659 524 876 610; x_wconf 89' lang='lat' dir='ltr'><strong>quaerendum</strong></span> <span class='ocrx_word' id='word_1_20' title='bbox 891 528 952 610; x_wconf 89' lang='lat' dir='ltr'><strong>est,</strong></span> <span class='ocrx_word' id='word_1_21' title='bbox 976 546 1057 609; x_wconf 87' lang='lat' dir='ltr'><strong>quae</strong></span> <span class='ocrx_word' id='word_1_22' title='bbox 1071 524 1209 590; x_wconf 78' lang='lat' dir='ltr'><strong>inveniri</strong></span> <span class='ocrx_word' id='word_1_23' title='bbox 1231 528 1372 607; x_wconf 78' lang='lat' dir='ltr'><strong>possunt</strong></span> 
     </span>
     <span class='ocr_line' id='line_1_4' title="bbox 195 615 659 699; baseline 0 -19"><span class='ocrx_word' id='word_1_24' title='bbox 195 636 292 699; x_wconf 88' lang='lat' dir='ltr'><strong>quam</strong></span> <span class='ocrx_word' id='word_1_25' title='bbox 315 636 397 699; x_wconf 88' lang='lat' dir='ltr'><strong>quae</strong></span> <span class='ocrx_word' id='word_1_26' title='bbox 419 615 552 680; x_wconf 84' lang='lat' dir='ltr'><strong>invente</strong></span> <span class='ocrx_word' id='word_1_27' title='bbox 573 618 659 680; x_wconf 87' lang='lat' dir='ltr'><strong>sunt.</strong></span> 
     </span>
    </p>
   </div>
   <div class='ocr_carea' id='block_1_3' title="bbox 691 809 877 820">
    <p class='ocr_par' dir='ltr' id='par_1_3' title="bbox 691 809 877 820">
     <span class='ocr_line' id='line_1_5' title="bbox 691 809 877 820; baseline 0.005 -1"><span class='ocrx_word' id='word_1_28' title='bbox 691 809 877 820; x_wconf 55' lang='grc' dir='ltr'><strong>...ι-*οη</strong></span> 
     </span>
    </p>
   </div>
   <div class='ocr_carea' id='block_1_4' title="bbox 673 930 888 1000">
    <p class='ocr_par' dir='ltr' id='par_1_4' title="bbox 673 930 888 1000">
     <span class='ocr_line' id='line_1_6' title="bbox 673 930 888 1000; baseline -0.019 0"><span class='ocrx_word' id='word_1_29' title='bbox 673 931 790 1000; x_wconf 76' lang='lat' dir='ltr'><strong>Orrur</strong></span> <span class='ocrx_word' id='word_1_30' title='bbox 813 930 888 997; x_wconf 89' lang='lat' dir='ltr'><strong>VH.</strong></span> 
     </span>
    </p>
   </div>
   <div class='ocr_carea' id='block_1_5' title="bbox 244 1040 1313 1251">
    <p class='ocr_par' dir='ltr' id='par_1_5' title="bbox 244 1040 1313 1251">
     <span class='ocr_line' id='line_1_7' title="bbox 244 1040 1313 1156; baseline -0.002 -12"><span class='ocrx_word' id='word_1_31' title='bbox 244 1087 537 1156; x_wconf 80' lang='lat' dir='ltr'><strong>QUEMADMODUM</strong></span> <span class='ocrx_word' id='word_1_32' title='bbox 554 1087 840 1144; x_wconf 72' lang='lat' dir='ltr'><strong>Exraneoaffls</strong></span> <span class='ocrx_word' id='word_1_33' title='bbox 862 1085 1054 1143; x_wconf 67' lang='lat' dir='ltr'><strong>reclamas</strong></span> <span class='ocrx_word' id='word_1_34' title='bbox 1072 1086 1247 1142; x_wconf 76' lang='lat' dir='ltr'><strong>PARETUR</strong></span> <span class='ocrx_word' id='word_1_35' title='bbox 1264 1040 1313 1142; x_wconf 70' lang='lat' dir='ltr'><strong>blT</strong></span> 
     </span>
     <span class='ocr_line' id='line_1_8' title="bbox 647 1187 922 1251; baseline -0.004 -1"><span class='ocrx_word' id='word_1_36' title='bbox 647 1187 922 1251; x_wconf 79' lang='lat' dir='ltr'><strong>GON&#39;I&#39;INEATUR.</strong></span> 
     </span>
    </p>
   </div>
   <div class='ocr_carea' id='block_1_6' title="bbox 165 1355 1370 2946">
    <p class='ocr_par' dir='ltr' id='par_1_6' title="bbox 192 1355 1370 1974">
     <span class='ocr_line' id='line_1_9' title="bbox 282 1355 1369 1440; baseline 0 -18"><span class='ocrx_word' id='word_1_37' title='bbox 282 1356 356 1422; x_wconf 89' lang='lat' dir='ltr'><strong>VH.</strong></span> <span class='ocrx_word' id='word_1_38' title='bbox 391 1355 552 1422; x_wconf 81' lang='lat' dir='ltr'><strong>Maximus</strong></span> <span class='ocrx_word' id='word_1_39' title='bbox 575 1377 652 1421; x_wconf 84' lang='lat' dir='ltr'><strong>vero</strong></span> <span class='ocrx_word' id='word_1_40' title='bbox 679 1355 859 1421; x_wconf 88' lang='lat' dir='ltr'><strong>studiorum</strong></span> <span class='ocrx_word' id='word_1_41' title='bbox 885 1356 1009 1422; x_wconf 87' lang='lat' dir='ltr'><strong>fructus</strong></span> <span class='ocrx_word' id='word_1_42' title='bbox 1033 1358 1082 1420; x_wconf 90' lang='lat' dir='ltr'><strong>est</strong></span> <span class='ocrx_word' id='word_1_43' title='bbox 1105 1358 1137 1420; x_wconf 89' lang='lat' dir='ltr'><strong>et</strong></span> <span class='ocrx_word' id='word_1_44' title='bbox 1160 1357 1248 1420; x_wconf 85' lang='lat' dir='ltr'><strong>velut</strong></span> <span class='ocrx_word' id='word_1_45' title='bbox 1276 1379 1369 1440; x_wconf 88' lang='lat' dir='ltr'><strong>prae·</strong></span> 
     </span>
     <span class='ocr_line' id='line_1_10' title="bbox 194 1444 1369 1531; baseline -0.001 -20"><span class='ocrx_word' id='word_1_46' title='bbox 194 1447 295 1511; x_wconf 90' lang='lat' dir='ltr'><strong>mium</strong></span> <span class='ocrx_word' id='word_1_47' title='bbox 319 1444 481 1531; x_wconf 83' lang='lat' dir='ltr'><strong>quoddam</strong></span> <span class='ocrx_word' id='word_1_48' title='bbox 497 1445 732 1529; x_wconf 87' lang='lat' dir='ltr'><strong>amplissimum</strong></span> <span class='ocrx_word' id='word_1_49' title='bbox 754 1444 845 1529; x_wconf 85' lang='lat' dir='ltr'><strong>longi</strong></span> <span class='ocrx_word' id='word_1_50' title='bbox 866 1444 988 1509; x_wconf 90' lang='lat' dir='ltr'><strong>laboris</strong></span> <span class='ocrx_word' id='word_1_51' title='bbox 1013 1465 1051 1508; x_wconf 86' lang='lat' dir='ltr'><strong>ex</strong></span> <span class='ocrx_word' id='word_1_52' title='bbox 1073 1447 1219 1527; x_wconf 87' lang='lat' dir='ltr'><strong>tempore</strong></span> <span class='ocrx_word' id='word_1_53' title='bbox 1243 1444 1369 1510; x_wconf 89' lang='lat' dir='ltr'><strong>dicendi</strong></span> 
     </span>
     <span class='ocr_line' id='line_1_11' title="bbox 193 1532 1370 1620; baseline 0.001 -22"><span class='ocrx_word' id='word_1_54' title='bbox 193 1534 348 1619; x_wconf 76' lang='lat' dir='ltr'><strong>facultas,</strong></span> <span class='ocrx_word' id='word_1_55' title='bbox 371 1555 469 1620; x_wconf 89' lang='lat' dir='ltr'><strong>quam</strong></span> <span class='ocrx_word' id='word_1_56' title='bbox 493 1534 548 1618; x_wconf 90' lang='lat' dir='ltr'><strong>qui</strong></span> <span class='ocrx_word' id='word_1_57' title='bbox 570 1555 638 1599; x_wconf 88' lang='lat' dir='ltr'><strong>non</strong></span> <span class='ocrx_word' id='word_1_58' title='bbox 661 1533 722 1598; x_wconf 89' lang='lat' dir='ltr'><strong>erit</strong></span> <span class='ocrx_word' id='word_1_59' title='bbox 735 1536 942 1614; x_wconf 89' lang='lat' dir='ltr'><strong>consecutus,</strong></span> <span class='ocrx_word' id='word_1_60' title='bbox 965 1553 1038 1597; x_wconf 87' lang='lat' dir='ltr'><strong>mea</strong></span> <span class='ocrx_word' id='word_1_61' title='bbox 1056 1532 1185 1616; x_wconf 89' lang='lat' dir='ltr'><strong>quidem</strong></span> <span class='ocrx_word' id='word_1_62' title='bbox 1208 1535 1370 1599; x_wconf 84' lang='lat' dir='ltr'><strong>sententia</strong></span> 
     </span>
     <span class='ocr_line' id='line_1_12' title="bbox 193 1620 1366 1706; baseline 0 -18"><span class='ocrx_word' id='word_1_63' title='bbox 193 1623 342 1689; x_wconf 75' lang='lat' dir='ltr'><strong>civilibus</strong></span> <span class='ocrx_word' id='word_1_64' title='bbox 357 1622 470 1688; x_wconf 88' lang='lat' dir='ltr'><strong>officiis</strong></span> <span class='ocrx_word' id='word_1_65' title='bbox 484 1622 684 1687; x_wconf 74' lang='lat' dir='ltr'><strong>renuntiabit</strong></span> <span class='ocrx_word' id='word_1_66' title='bbox 707 1626 740 1686; x_wconf 88' lang='lat' dir='ltr'><strong>ct</strong></span> <span class='ocrx_word' id='word_1_67' title='bbox 753 1622 856 1686; x_wconf 88' lang='lat' dir='ltr'><strong>solam</strong></span> <span class='ocrx_word' id='word_1_68' title='bbox 871 1620 1033 1686; x_wconf 84' lang='lat' dir='ltr'><strong>scribendi</strong></span> <span class='ocrx_word' id='word_1_69' title='bbox 1055 1620 1243 1686; x_wconf 87' lang='lat' dir='ltr'><strong>facultatem</strong></span> <span class='ocrx_word' id='word_1_70' title='bbox 1257 1623 1366 1706; x_wconf 89' lang='lat' dir='ltr'><strong>potius</strong></span> 
     </span>
     <span class='ocr_line' id='line_1_13' title="bbox 193 1708 1370 1796; baseline 0 -20"><span class='ocrx_word' id='word_1_71' title='bbox 193 1712 235 1776; x_wconf 90' lang='lat' dir='ltr'><strong>ad</strong></span> <span class='ocrx_word' id='word_1_72' title='bbox 264 1713 328 1777; x_wconf 92' lang='lat' dir='ltr'><strong>alia</strong></span> <span class='ocrx_word' id='word_1_73' title='bbox 354 1733 453 1796; x_wconf 88' lang='lat' dir='ltr'><strong>opera</strong></span> <span class='ocrx_word' id='word_1_74' title='bbox 480 1713 653 1777; x_wconf 79' lang='lat' dir='ltr'><strong>convertet.</strong></span> <span class='ocrx_word' id='word_1_75' title='bbox 694 1711 749 1775; x_wconf 83' lang='lat' dir='ltr'><strong>vix</strong></span> <span class='ocrx_word' id='word_1_76' title='bbox 771 1711 857 1774; x_wconf 90' lang='lat' dir='ltr'><strong>enim</strong></span> <span class='ocrx_word' id='word_1_77' title='bbox 884 1710 990 1776; x_wconf 90' lang='lat' dir='ltr'><strong>bonae</strong></span> <span class='ocrx_word' id='word_1_78' title='bbox 1018 1708 1093 1773; x_wconf 91' lang='lat' dir='ltr'><strong>fidei</strong></span> <span class='ocrx_word' id='word_1_79' title='bbox 1120 1709 1188 1774; x_wconf 89' lang='lat' dir='ltr'><strong>viro</strong></span> <span class='ocrx_word' id='word_1_80' title='bbox 1217 1713 1370 1776; x_wconf 76' lang='lat' dir='ltr'><strong>convenit</strong></span> 
     </span>
     <span class='ocr_line' id='line_1_14' title="bbox 193 1797 1368 1885; baseline 0.001 -21"><span class='ocrx_word' id='word_1_81' title='bbox 193 1801 349 1866; x_wconf 87' lang='lat' dir='ltr'><strong>auxilium</strong></span> <span class='ocrx_word' id='word_1_82' title='bbox 371 1801 407 1865; x_wconf 92' lang='lat' dir='ltr'><strong>in</strong></span> <span class='ocrx_word' id='word_1_83' title='bbox 429 1799 594 1884; x_wconf 85' lang='lat' dir='ltr'><strong>publicum</strong></span> <span class='ocrx_word' id='word_1_84' title='bbox 609 1799 767 1883; x_wconf 89' lang='lat' dir='ltr'><strong>polliceri,</strong></span> <span class='ocrx_word' id='word_1_85' title='bbox 791 1799 877 1883; x_wconf 91' lang='lat' dir='ltr'><strong>quod</strong></span> <span class='ocrx_word' id='word_1_86' title='bbox 899 1797 1173 1882; x_wconf 79' lang='lat' dir='ltr'><strong>praesentissimis</strong></span> <span class='ocrx_word' id='word_1_87' title='bbox 1188 1798 1368 1885; x_wconf 85' lang='lat' dir='ltr'><strong>quibusque</strong></span> 
     </span>
     <span class='ocr_line' id='line_1_15' title="bbox 192 1886 1369 1974; baseline -0.002 -20"><span class='ocrx_word' id='word_1_88' title='bbox 192 1889 343 1974; x_wconf 88' lang='lat' dir='ltr'><strong>periculis</strong></span> <span class='ocrx_word' id='word_1_89' title='bbox 375 1888 472 1973; x_wconf 86' lang='lat' dir='ltr'><strong>desit,</strong></span> <span class='ocrx_word' id='word_1_90' title='bbox 503 1888 608 1953; x_wconf 89' lang='lat' dir='ltr'><strong>instar</strong></span> <span class='ocrx_word' id='word_1_91' title='bbox 638 1891 764 1972; x_wconf 84' lang='lat' dir='ltr'><strong>portus,</strong></span> <span class='ocrx_word' id='word_1_92' title='bbox 796 1887 837 1951; x_wconf 86' lang='lat' dir='ltr'><strong>ad</strong></span> <span class='ocrx_word' id='word_1_93' title='bbox 870 1908 965 1971; x_wconf 92' lang='lat' dir='ltr'><strong>quem</strong></span> <span class='ocrx_word' id='word_1_94' title='bbox 997 1886 1090 1950; x_wconf 84' lang='lat' dir='ltr'><strong>navis</strong></span> <span class='ocrx_word' id='word_1_95' title='bbox 1123 1887 1273 1952; x_wconf 75' lang='lat' dir='ltr'><strong>accedere</strong></span> <span class='ocrx_word' id='word_1_96' title='bbox 1304 1889 1369 1954; x_wconf 87' lang='lat' dir='ltr'><strong>nisi</strong></span> 
     </span>
    </p>

    <p class='ocr_par' dir='ltr' id='par_1_7' title="bbox 165 1975 1369 2946">
     <span class='ocr_line' id='line_1_16' title="bbox 165 1975 1369 2060; baseline 0 -17"><span class='ocrx_word' id='word_1_97' title='bbox 165 1977 321 2043; x_wconf 80' lang='lat' dir='ltr'><strong>2lenibus</strong></span> <span class='ocrx_word' id='word_1_98' title='bbox 351 1977 454 2042; x_wconf 84' lang='lat' dir='ltr'><strong>ventis</strong></span> <span class='ocrx_word' id='word_1_99' title='bbox 481 1979 574 2042; x_wconf 80' lang='lat' dir='ltr'><strong>recta</strong></span> <span class='ocrx_word' id='word_1_100' title='bbox 599 1997 668 2041; x_wconf 90' lang='lat' dir='ltr'><strong>non</strong></span> <span class='ocrx_word' id='word_1_101' title='bbox 699 1977 817 2059; x_wconf 88' lang='lat' dir='ltr'><strong>possit:</strong></span> <span class='ocrx_word' id='word_1_102' title='bbox 850 1975 1008 2060; x_wconf 86' lang='lat' dir='ltr'><strong>siquidem</strong></span> <span class='ocrx_word' id='word_1_103' title='bbox 1038 1975 1289 2040; x_wconf 88' lang='lat' dir='ltr'><strong>innumerabiles</strong></span> <span class='ocrx_word' id='word_1_104' title='bbox 1303 1983 1305 1998; x_wconf 84' lang='lat'>&#39;</span> <span class='ocrx_word' id='word_1_105' title='bbox 1318 1999 1369 2043; x_wconf 90' lang='lat' dir='ltr'><strong>ac-</strong></span> 
     </span>
     <span class='ocr_line' id='line_1_17' title="bbox 193 2063 1369 2148; baseline -0.001 -17"><span class='ocrx_word' id='word_1_106' title='bbox 193 2067 306 2132; x_wconf 88' lang='lat' dir='ltr'><strong>cidunt</strong></span> <span class='ocrx_word' id='word_1_107' title='bbox 327 2065 454 2130; x_wconf 82' lang='lat' dir='ltr'><strong>subitae</strong></span> <span class='ocrx_word' id='word_1_108' title='bbox 476 2064 685 2130; x_wconf 87' lang='lat' dir='ltr'><strong>necessitates</strong></span> <span class='ocrx_word' id='word_1_109' title='bbox 708 2066 760 2129; x_wconf 82' lang='lat' dir='ltr'><strong>rel</strong></span> <span class='ocrx_word' id='word_1_110' title='bbox 783 2063 870 2147; x_wconf 89' lang='lat' dir='ltr'><strong>apud</strong></span> <span class='ocrx_word' id='word_1_111' title='bbox 891 2065 1101 2148; x_wconf 84' lang='lat' dir='ltr'><strong>magistratus</strong></span> <span class='ocrx_word' id='word_1_112' title='bbox 1114 2064 1167 2129; x_wconf 77' lang='lat' dir='ltr'><strong>rel</strong></span> <span class='ocrx_word' id='word_1_113' title='bbox 1184 2086 1369 2148; x_wconf 91' lang='lat' dir='ltr'><strong>repraesen-</strong></span> 
     </span>
     <span class='ocr_line' id='line_1_18' title="bbox 193 2153 1369 2238; baseline 0.001 -19"><span class='ocrx_word' id='word_1_114' title='bbox 193 2156 272 2220; x_wconf 89' lang='lat' dir='ltr'><strong>tatis</strong></span> <span class='ocrx_word' id='word_1_115' title='bbox 294 2153 420 2219; x_wconf 88' lang='lat' dir='ltr'><strong>iudiciis</strong></span> <span class='ocrx_word' id='word_1_116' title='bbox 448 2153 602 2218; x_wconf 88' lang='lat' dir='ltr'><strong>continuo</strong></span> <span class='ocrx_word' id='word_1_117' title='bbox 631 2153 758 2238; x_wconf 82' lang='lat' dir='ltr'><strong>agendi.</strong></span> <span class='ocrx_word' id='word_1_118' title='bbox 800 2174 936 2238; x_wconf 87' lang='lat' dir='ltr'><strong>quarum</strong></span> <span class='ocrx_word' id='word_1_119' title='bbox 960 2153 988 2217; x_wconf 90' lang='lat' dir='ltr'><strong>si</strong></span> <span class='ocrx_word' id='word_1_120' title='bbox 1015 2174 1093 2237; x_wconf 88' lang='lat' dir='ltr'><strong>qua,</strong></span> <span class='ocrx_word' id='word_1_121' title='bbox 1120 2173 1187 2218; x_wconf 91' lang='lat' dir='ltr'><strong>non</strong></span> <span class='ocrx_word' id='word_1_122' title='bbox 1210 2153 1281 2218; x_wconf 89' lang='lat' dir='ltr'><strong>dico</strong></span> <span class='ocrx_word' id='word_1_123' title='bbox 1304 2155 1369 2220; x_wconf 89' lang='lat' dir='ltr'><strong>cui-</strong></span> 
     </span>
     <span class='ocr_line' id='line_1_19' title="bbox 194 2241 1369 2334; baseline 0.001 -27"><span class='ocrx_word' id='word_1_124' title='bbox 194 2265 329 2334; x_wconf 83' lang='lat' dir='ltr'><strong>cumque</strong></span> <span class='ocrx_word' id='word_1_125' title='bbox 355 2242 577 2307; x_wconf 89' lang='lat' dir='ltr'><strong>innooentium</strong></span> <span class='ocrx_word' id='word_1_126' title='bbox 603 2242 735 2324; x_wconf 84' lang='lat' dir='ltr'><strong>civium,</strong></span> <span class='ocrx_word' id='word_1_127' title='bbox 762 2241 818 2305; x_wconf 88' lang='lat' dir='ltr'><strong>sed</strong></span> <span class='ocrx_word' id='word_1_128' title='bbox 846 2241 1024 2305; x_wconf 91' lang='lat' dir='ltr'><strong>amicorum</strong></span> <span class='ocrx_word' id='word_1_129' title='bbox 1051 2262 1088 2304; x_wconf 89' lang='lat' dir='ltr'><strong>ac</strong></span> <span class='ocrx_word' id='word_1_130' title='bbox 1115 2241 1369 2326; x_wconf 90' lang='lat' dir='ltr'><strong>propinquorum</strong></span> 
     </span>
     <span class='ocr_line' id='line_1_20' title="bbox 194 2330 1368 2414; baseline 0.002 -20"><span class='ocrx_word' id='word_1_131' title='bbox 194 2331 290 2395; x_wconf 90' lang='lat' dir='ltr'><strong>alicui</strong></span> <span class='ocrx_word' id='word_1_132' title='bbox 313 2331 467 2414; x_wconf 83' lang='lat' dir='ltr'><strong>evenerit,</strong></span> <span class='ocrx_word' id='word_1_133' title='bbox 495 2330 635 2394; x_wconf 85' lang='lat' dir='ltr'><strong>stabitne</strong></span> <span class='ocrx_word' id='word_1_134' title='bbox 657 2333 766 2394; x_wconf 90' lang='lat' dir='ltr'><strong>mutus</strong></span> <span class='ocrx_word' id='word_1_135' title='bbox 790 2333 823 2394; x_wconf 88' lang='lat' dir='ltr'><strong>et</strong></span> <span class='ocrx_word' id='word_1_136' title='bbox 845 2330 1020 2394; x_wconf 87' lang='lat' dir='ltr'><strong>salutarem</strong></span> <span class='ocrx_word' id='word_1_137' title='bbox 1041 2330 1228 2413; x_wconf 88' lang='lat' dir='ltr'><strong>petentibus</strong></span> <span class='ocrx_word' id='word_1_138' title='bbox 1256 2352 1368 2397; x_wconf 83' lang='lat' dir='ltr'><strong>vocem</strong></span> 
     </span>
     <span class='ocr_line' id='line_1_21' title="bbox 194 2418 1368 2505; baseline 0 -20"><span class='ocrx_word' id='word_1_139' title='bbox 194 2420 381 2505; x_wconf 84' lang='lat' dir='ltr'><strong>statimque,</strong></span> <span class='ocrx_word' id='word_1_140' title='bbox 405 2418 431 2482; x_wconf 90' lang='lat' dir='ltr'><strong>si</strong></span> <span class='ocrx_word' id='word_1_141' title='bbox 455 2439 523 2483; x_wconf 91' lang='lat' dir='ltr'><strong>non</strong></span> <span class='ocrx_word' id='word_1_142' title='bbox 545 2421 763 2500; x_wconf 89' lang='lat' dir='ltr'><strong>succurratur,</strong></span> <span class='ocrx_word' id='word_1_143' title='bbox 786 2418 939 2500; x_wconf 88' lang='lat' dir='ltr'><strong>perituris</strong></span> <span class='ocrx_word' id='word_1_144' title='bbox 963 2440 1071 2483; x_wconf 90' lang='lat' dir='ltr'><strong>moras</strong></span> <span class='ocrx_word' id='word_1_145' title='bbox 1096 2420 1128 2482; x_wconf 87' lang='lat' dir='ltr'><strong>et</strong></span> <span class='ocrx_word' id='word_1_146' title='bbox 1151 2440 1313 2485; x_wconf 91' lang='lat' dir='ltr'><strong>secessum</strong></span> <span class='ocrx_word' id='word_1_147' title='bbox 1335 2423 1368 2485; x_wconf 86' lang='lat' dir='ltr'><strong>et</strong></span> 
     </span>
     <span class='ocr_line' id='line_1_22' title="bbox 195 2506 1368 2592; baseline 0 -20"><span class='ocrx_word' id='word_1_148' title='bbox 195 2509 360 2574; x_wconf 87' lang='lat' dir='ltr'><strong>silentium</strong></span> <span class='ocrx_word' id='word_1_149' title='bbox 382 2510 527 2592; x_wconf 89' lang='lat' dir='ltr'><strong>quaeret,</strong></span> <span class='ocrx_word' id='word_1_150' title='bbox 551 2507 627 2571; x_wconf 91' lang='lat' dir='ltr'><strong>dum</strong></span> <span class='ocrx_word' id='word_1_151' title='bbox 649 2506 707 2571; x_wconf 94' lang='lat' dir='ltr'><strong>illa</strong></span> <span class='ocrx_word' id='word_1_152' title='bbox 728 2507 828 2572; x_wconf 82' lang='lat' dir='ltr'><strong>verba</strong></span> <span class='ocrx_word' id='word_1_153' title='bbox 849 2507 1048 2572; x_wconf 83' lang='lat' dir='ltr'><strong>fabricentur</strong></span> <span class='ocrx_word' id='word_1_154' title='bbox 1068 2509 1101 2570; x_wconf 88' lang='lat' dir='ltr'><strong>et</strong></span> <span class='ocrx_word' id='word_1_155' title='bbox 1122 2509 1295 2573; x_wconf 87' lang='lat' dir='ltr'><strong>memoriae</strong></span> <span class='ocrx_word' id='word_1_156' title='bbox 1318 2509 1368 2572; x_wconf 92' lang='lat' dir='ltr'><strong>in-</strong></span> 
     </span>
     <span class='ocr_line' id='line_1_23' title="bbox 166 2595 1368 2680; baseline 0.002 -19"><span class='ocrx_word' id='word_1_157' title='bbox 166 2597 304 2662; x_wconf 81' lang='lat' dir='ltr'><strong>3sidant</strong></span> <span class='ocrx_word' id='word_1_158' title='bbox 331 2599 363 2660; x_wconf 86' lang='lat' dir='ltr'><strong>ct</strong></span> <span class='ocrx_word' id='word_1_159' title='bbox 390 2618 454 2661; x_wconf 83' lang='lat' dir='ltr'><strong>vox</strong></span> <span class='ocrx_word' id='word_1_160' title='bbox 481 2617 518 2660; x_wconf 90' lang='lat' dir='ltr'><strong>ac</strong></span> <span class='ocrx_word' id='word_1_161' title='bbox 545 2596 632 2660; x_wconf 89' lang='lat' dir='ltr'><strong>latus</strong></span> <span class='ocrx_word' id='word_1_162' title='bbox 658 2595 892 2680; x_wconf 80' lang='lat' dir='ltr'><strong>praeparetur?</strong></span> <span class='ocrx_word' id='word_1_163' title='bbox 939 2617 1021 2680; x_wconf 89' lang='lat' dir='ltr'><strong>quae</strong></span> <span class='ocrx_word' id='word_1_164' title='bbox 1048 2616 1125 2660; x_wconf 84' lang='lat' dir='ltr'><strong>vero</strong></span> <span class='ocrx_word' id='word_1_165' title='bbox 1152 2596 1277 2679; x_wconf 90' lang='lat' dir='ltr'><strong>patitur</strong></span> <span class='ocrx_word' id='word_1_166' title='bbox 1307 2597 1368 2664; x_wconf 89' lang='lat' dir='ltr'><strong>hoc</strong></span> 
     </span>
     <span class='ocr_line' id='line_1_24' title="bbox 193 2682 1365 2770; baseline 0 -20"><span class='ocrx_word' id='word_1_167' title='bbox 193 2686 292 2770; x_wconf 88' lang='lat' dir='ltr'><strong>ratio,</strong></span> <span class='ocrx_word' id='word_1_168' title='bbox 324 2687 362 2748; x_wconf 88' lang='lat' dir='ltr'><strong>ut</strong></span> <span class='ocrx_word' id='word_1_169' title='bbox 393 2684 564 2769; x_wconf 90' lang='lat' dir='ltr'><strong>quisquam</strong></span> <span class='ocrx_word' id='word_1_170' title='bbox 595 2684 702 2768; x_wconf 88' lang='lat' dir='ltr'><strong>possit</strong></span> <span class='ocrx_word' id='word_1_171' title='bbox 729 2687 838 2749; x_wconf 92' lang='lat' dir='ltr'><strong>orator</strong></span> <span class='ocrx_word' id='word_1_172' title='bbox 870 2684 1043 2767; x_wconf 89' lang='lat' dir='ltr'><strong>aliquando</strong></span> <span class='ocrx_word' id='word_1_173' title='bbox 1072 2682 1221 2748; x_wconf 88' lang='lat' dir='ltr'><strong>omittere</strong></span> <span class='ocrx_word' id='word_1_174' title='bbox 1250 2687 1365 2750; x_wconf 76' lang='lat' dir='ltr'><strong>casus?</strong></span> 
     </span>
     <span class='ocr_line' id='line_1_25' title="bbox 195 2771 1369 2858; baseline 0 -20"><span class='ocrx_word' id='word_1_175' title='bbox 195 2773 284 2858; x_wconf 87' lang='lat' dir='ltr'><strong>quid,</strong></span> <span class='ocrx_word' id='word_1_176' title='bbox 307 2795 380 2838; x_wconf 93' lang='lat' dir='ltr'><strong>cum</strong></span> <span class='ocrx_word' id='word_1_177' title='bbox 404 2772 586 2838; x_wconf 83' lang='lat' dir='ltr'><strong>adversario</strong></span> <span class='ocrx_word' id='word_1_178' title='bbox 608 2772 866 2857; x_wconf 87' lang='lat' dir='ltr'><strong>respondendum</strong></span> <span class='ocrx_word' id='word_1_179' title='bbox 889 2773 963 2856; x_wconf 91' lang='lat' dir='ltr'><strong>erit,</strong></span> <span class='ocrx_word' id='word_1_180' title='bbox 985 2771 1064 2837; x_wconf 83' lang='lat' dir='ltr'><strong>fiet?</strong></span> <span class='ocrx_word' id='word_1_181' title='bbox 1103 2793 1181 2836; x_wconf 91' lang='lat' dir='ltr'><strong>nam</strong></span> <span class='ocrx_word' id='word_1_182' title='bbox 1205 2785 1300 2858; x_wconf 87' lang='lat' dir='ltr'><strong>saepe</strong></span> <span class='ocrx_word' id='word_1_183' title='bbox 1323 2795 1369 2858; x_wconf 90' lang='lat' dir='ltr'><strong>ea,</strong></span> 
     </span>
     <span class='ocr_line' id='line_1_26' title="bbox 195 2859 1369 2946; baseline 0.002 -20"><span class='ocrx_word' id='word_1_184' title='bbox 195 2883 277 2945; x_wconf 85' lang='lat' dir='ltr'><strong>quae</strong></span> <span class='ocrx_word' id='word_1_185' title='bbox 300 2861 425 2946; x_wconf 90' lang='lat' dir='ltr'><strong>opinati</strong></span> <span class='ocrx_word' id='word_1_186' title='bbox 440 2884 551 2927; x_wconf 88' lang='lat' dir='ltr'><strong>sumus</strong></span> <span class='ocrx_word' id='word_1_187' title='bbox 575 2864 608 2925; x_wconf 90' lang='lat' dir='ltr'><strong>et</strong></span> <span class='ocrx_word' id='word_1_188' title='bbox 622 2863 735 2926; x_wconf 89' lang='lat' dir='ltr'><strong>contra</strong></span> <span class='ocrx_word' id='word_1_189' title='bbox 759 2883 840 2944; x_wconf 86' lang='lat' dir='ltr'><strong>quae</strong></span> <span class='ocrx_word' id='word_1_190' title='bbox 864 2859 1066 2944; x_wconf 88' lang='lat' dir='ltr'><strong>scripsimus,</strong></span> <span class='ocrx_word' id='word_1_191' title='bbox 1088 2859 1220 2945; x_wconf 85' lang='lat' dir='ltr'><strong>fallunt,</strong></span> <span class='ocrx_word' id='word_1_192' title='bbox 1243 2884 1281 2927; x_wconf 89' lang='lat' dir='ltr'><strong>ac</strong></span> <span class='ocrx_word' id='word_1_193' title='bbox 1298 2865 1369 2928; x_wconf 88' lang='lat' dir='ltr'><strong>tota</strong></span> 
     </span>
    </p>
   </div>
   <div class='ocr_carea' id='block_1_7' title="bbox 193 3033 1370 3150">
    <p class='ocr_par' dir='ltr' id='par_1_8' title="bbox 193 3033 1370 3150">
     <span class='ocr_line' id='line_1_27' title="bbox 193 3033 1370 3150; baseline 0.003 -63"><span class='ocrx_word' id='word_1_194' title='bbox 193 3034 282 3088; x_wconf 75' lang='lat' dir='ltr'><strong>Since</strong></span> <span class='ocrx_word' id='word_1_195' title='bbox 300 3035 370 3086; x_wconf 86' lang='lat' dir='ltr'><strong>nach</strong></span> <span class='ocrx_word' id='word_1_196' title='bbox 388 3051 410 3086; x_wconf 84' lang='lat' dir='ltr'><strong>s.</strong></span> <span class='ocrx_word' id='word_1_197' title='bbox 429 3052 454 3090; x_wconf 83' lang='lat' dir='ltr'><strong>v.</strong></span> <span class='ocrx_word' id='word_1_198' title='bbox 473 3051 498 3087; x_wconf 89' lang='lat' dir='ltr'><strong>a.</strong></span> <span class='ocrx_word' id='word_1_199' title='bbox 519 3042 675 3150; x_wconf 77' lang='lat' dir='ltr'><strong>utrumque,</strong></span> <span class='ocrx_word' id='word_1_200' title='bbox 696 3042 753 3086; x_wconf 85' lang='lat' dir='ltr'><strong>tum</strong></span> <span class='ocrx_word' id='word_1_201' title='bbox 808 3033 936 3100; x_wconf 77' lang='lat' dir='ltr'><strong>‘Lange&#39;</strong></span> <span class='ocrx_word' id='word_1_202' title='bbox 965 3051 1084 3088; x_wconf 76' lang='lat' dir='ltr'><strong>necnon.</strong></span> <span class='ocrx_word' id='word_1_203' title='bbox 1126 3034 1194 3092; x_wconf 85' lang='lat' dir='ltr'><strong>Hor.</strong></span> <span class='ocrx_word' id='word_1_204' title='bbox 1220 3053 1264 3104; x_wconf 82' lang='lat' dir='ltr'><strong>ep.</strong></span> <span class='ocrx_word' id='word_1_205' title='bbox 1290 3041 1319 3102; x_wconf 90' lang='lat'><strong>1,</strong></span> <span class='ocrx_word' id='word_1_206' title='bbox 1342 3041 1370 3102; x_wconf 82' lang='grc'>7,</span> 
     </span>
    </p>
   </div>
   <div class='ocr_carea' id='block_1_8' title="bbox 179 3100 1377 4384">
    <p class='ocr_par' dir='ltr' id='par_1_9' title="bbox 193 3100 1377 3640">
     <span class='ocr_line' id='line_1_28' title="bbox 194 3100 1369 3172; baseline 0.001 -17"><span class='ocrx_word' id='word_1_207' title='bbox 194 3102 327 3168; x_wconf 76' lang='lat' dir='ltr'><strong>cogitata,</strong></span> <span class='ocrx_word' id='word_1_208' title='bbox 345 3108 404 3154; x_wconf 88' lang='lat' dir='ltr'><strong>tum</strong></span> <span class='ocrx_word' id='word_1_209' title='bbox 422 3118 500 3158; x_wconf 82' lang='lat' dir='ltr'><strong>nova,</strong></span> <span class='ocrx_word' id='word_1_210' title='bbox 519 3100 611 3168; x_wconf 76' lang='lat' dir='ltr'><strong>ugrl</strong></span> <span class='ocrx_word' id='word_1_211' title='bbox 640 3106 752 3167; x_wconf 73' lang='grc'>,1,·21.</span> <span class='ocrx_word' id='word_1_212' title='bbox 807 3105 855 3164; x_wconf 73' lang='lat'><strong>263</strong></span> <span class='ocrx_word' id='word_1_213' title='bbox 876 3108 917 3166; x_wconf 75' lang='lat'><strong>12,</strong></span> <span class='ocrx_word' id='word_1_214' title='bbox 935 3105 959 3153; x_wconf 81' lang='lat'><strong>5.</strong></span> <span class='ocrx_word' id='word_1_215' title='bbox 996 3101 1056 3154; x_wconf 85' lang='lat' dir='ltr'><strong>Vox</strong></span> <span class='ocrx_word' id='word_1_216' title='bbox 1068 3118 1102 3153; x_wconf 87' lang='lat' dir='ltr'><strong>ac</strong></span> <span class='ocrx_word' id='word_1_217' title='bbox 1114 3101 1186 3155; x_wconf 82' lang='lat' dir='ltr'><strong>latus</strong></span> <span class='ocrx_word' id='word_1_218' title='bbox 1199 3103 1264 3155; x_wconf 85' lang='lat' dir='ltr'><strong>sehr</strong></span> <span class='ocrx_word' id='word_1_219' title='bbox 1277 3103 1369 3172; x_wconf 74' lang='lat' dir='ltr'><strong>hiudg</strong></span> 
     </span>
     <span class='ocr_line' id='line_1_29' title="bbox 228 3169 1377 3236; baseline 0.002 -14"><span class='ocrx_word' id='word_1_220' title='bbox 228 3169 289 3222; x_wconf 84' lang='lat' dir='ltr'><strong>vn.</strong></span> <span class='ocrx_word' id='word_1_221' title='bbox 311 3173 333 3226; x_wconf 87' lang='lat'><strong>1.</strong></span> <span class='ocrx_word' id='word_1_222' title='bbox 352 3170 481 3221; x_wconf 77' lang='lat' dir='ltr'><strong>civilitas</strong></span> <span class='ocrx_word' id='word_1_223' title='bbox 499 3169 611 3235; x_wconf 75' lang='lat' dir='ltr'><strong>officiis]</strong></span> <span class='ocrx_word' id='word_1_224' title='bbox 629 3185 651 3221; x_wconf 84' lang='lat' dir='ltr'><strong>s.</strong></span> <span class='ocrx_word' id='word_1_225' title='bbox 673 3185 707 3220; x_wconf 82' lang='lat' dir='ltr'><strong>zu</strong></span> <span class='ocrx_word' id='word_1_226' title='bbox 726 3175 751 3230; x_wconf 85' lang='grc'>3,</span> <span class='ocrx_word' id='word_1_227' title='bbox 807 3169 1084 3235; x_wconf 77' lang='lat' dir='ltr'><strong>zusammengestellt.</strong></span> <span class='ocrx_word' id='word_1_228' title='bbox 1132 3169 1193 3224; x_wconf 75' lang='lat' dir='ltr'><strong>cie.</strong></span> <span class='ocrx_word' id='word_1_229' title='bbox 1231 3170 1309 3224; x_wconf 87' lang='lat' dir='ltr'><strong>Verr.</strong></span> <span class='ocrx_word' id='word_1_230' title='bbox 1344 3177 1377 3236; x_wconf 85' lang='grc'>4,·</span> 
     </span>
     <span class='ocr_line' id='line_1_30' title="bbox 194 3235 1369 3318; baseline 0 -27"><span class='ocrx_word' id='word_1_231' title='bbox 194 3243 242 3303; x_wconf 82' lang='grc'><strong>11;</strong></span> <span class='ocrx_word' id='word_1_232' title='bbox 261 3238 309 3289; x_wconf 85' lang='lat' dir='ltr'><strong>das</strong></span> <span class='ocrx_word' id='word_1_233' title='bbox 328 3235 507 3304; x_wconf 76' lang='lat' dir='ltr'><strong>gerichtliche</strong></span> <span class='ocrx_word' id='word_1_234' title='bbox 520 3236 753 3289; x_wconf 76' lang='lat' dir='ltr'><strong>Gesctiftslebeu.</strong></span> <span class='ocrx_word' id='word_1_235' title='bbox 808 3242 854 3290; x_wconf 82' lang='lat'><strong>30:</strong></span> <span class='ocrx_word' id='word_1_236' title='bbox 874 3238 1031 3305; x_wconf 82' lang='lat' dir='ltr'><strong>quaeror!</strong></span> <span class='ocrx_word' id='word_1_237' title='bbox 1054 3252 1125 3318; x_wconf 86' lang='lat' dir='ltr'><strong>quae</strong></span> <span class='ocrx_word' id='word_1_238' title='bbox 1143 3237 1246 3290; x_wconf 80' lang='lat' dir='ltr'><strong>latera!</strong></span> <span class='ocrx_word' id='word_1_239' title='bbox 1266 3239 1369 3292; x_wconf 83' lang='lat' dir='ltr'><strong>Ueter-</strong></span> 
     </span>
     <span class='ocr_line' id='line_1_31' title="bbox 193 3305 1368 3373; baseline 0.002 -17"><span class='ocrx_word' id='word_1_240' title='bbox 193 3306 202 3373; x_wconf 79' lang='grc' dir='ltr'><strong>ΙΙ</strong></span> <span class='ocrx_word' id='word_1_241' title='bbox 232 3307 408 3358; x_wconf 77' lang='lat' dir='ltr'><strong>renuntiabit</strong></span> <span class='ocrx_word' id='word_1_242' title='bbox 435 3345 443 3356; x_wconf 88' lang='lat'><strong>.</strong></span> <span class='ocrx_word' id='word_1_243' title='bbox 465 3343 499 3357; x_wconf 91' lang='lat'><strong>..</strong></span> <span class='ocrx_word' id='word_1_244' title='bbox 527 3305 679 3370; x_wconf 74' lang='lat' dir='ltr'><strong>convertet!</strong></span> <span class='ocrx_word' id='word_1_245' title='bbox 705 3305 754 3356; x_wconf 80' lang='lat' dir='ltr'><strong>das</strong></span> <span class='ocrx_word' id='word_1_246' title='bbox 808 3305 897 3372; x_wconf 81' lang='lat' dir='ltr'><strong>haupt</strong></span> <span class='ocrx_word' id='word_1_247' title='bbox 919 3320 970 3357; x_wconf 79' lang='lat' dir='ltr'><strong>rur</strong></span> <span class='ocrx_word' id='word_1_248' title='bbox 989 3305 1185 3371; x_wconf 81' lang='lat' dir='ltr'><strong>Bererchnung</strong></span> <span class='ocrx_word' id='word_1_249' title='bbox 1208 3305 1257 3357; x_wconf 86' lang='lat' dir='ltr'><strong>der</strong></span> <span class='ocrx_word' id='word_1_250' title='bbox 1276 3306 1368 3372; x_wconf 79' lang='lat' dir='ltr'><strong>Kraft,</strong></span> 
     </span>
     <span class='ocr_line' id='line_1_32' title="bbox 195 3371 1358 3426; baseline 0 0"><span class='ocrx_word' id='word_1_251' title='bbox 195 3373 332 3426; x_wconf 79' lang='lat' dir='ltr'><strong>Futurum</strong></span> <span class='ocrx_word' id='word_1_252' title='bbox 359 3372 396 3425; x_wconf 88' lang='lat' dir='ltr'><strong>im</strong></span> <span class='ocrx_word' id='word_1_253' title='bbox 419 3371 507 3424; x_wconf 80' lang='lat' dir='ltr'><strong>Sinna</strong></span> <span class='ocrx_word' id='word_1_254' title='bbox 534 3371 583 3424; x_wconf 85' lang='lat' dir='ltr'><strong>der</strong></span> <span class='ocrx_word' id='word_1_255' title='bbox 607 3372 753 3424; x_wconf 64' lang='lat' dir='ltr'><strong>stafforde·</strong></span> <span class='ocrx_word' id='word_1_256' title='bbox 807 3371 930 3424; x_wconf 83' lang='lat' dir='ltr'><strong>insoseru</strong></span> <span class='ocrx_word' id='word_1_257' title='bbox 968 3371 1011 3424; x_wconf 83' lang='lat' dir='ltr'><strong>die</strong></span> <span class='ocrx_word' id='word_1_258' title='bbox 1041 3371 1184 3424; x_wconf 74' lang='lat' dir='ltr'><strong>Abrahae</strong></span> <span class='ocrx_word' id='word_1_259' title='bbox 1218 3373 1358 3426; x_wconf 80' lang='lat' dir='ltr'><strong>derseibeu</strong></span> 
     </span>
     <span class='ocr_line' id='line_1_33' title="bbox 194 3414 1370 3508; baseline -0.001 -15"><span class='ocrx_word' id='word_1_260' title='bbox 194 3439 409 3507; x_wconf 55' lang='lat' dir='ltr'><strong>rungtrolcm]</strong></span> <span class='ocrx_word' id='word_1_261' title='bbox 427 3463 462 3483; x_wconf 89' lang='lat'><em>=</em></span> <span class='ocrx_word' id='word_1_262' title='bbox 479 3439 754 3508; x_wconf 70' lang='lat' dir='ltr'><strong>quamtulampara·</strong></span> <span class='ocrx_word' id='word_1_263' title='bbox 809 3439 861 3490; x_wconf 84' lang='lat' dir='ltr'><strong>wie</strong></span> <span class='ocrx_word' id='word_1_264' title='bbox 891 3438 961 3492; x_wconf 89' lang='lat' dir='ltr'><strong>beim</strong></span> <span class='ocrx_word' id='word_1_265' title='bbox 991 3438 1145 3508; x_wconf 80' lang='lat' dir='ltr'><strong>Sprechen,</strong></span> <span class='ocrx_word' id='word_1_266' title='bbox 1174 3439 1282 3492; x_wconf 77' lang='lat' dir='ltr'><strong>hausen</strong></span> <span class='ocrx_word' id='word_1_267' title='bbox 1313 3414 1370 3494; x_wconf 83' lang='lat' dir='ltr'><strong>aad</strong></span> 
     </span>
     <span class='ocr_line' id='line_1_34' title="bbox 194 3505 1369 3624; baseline 0.001 -64"><span class='ocrx_word' id='word_1_268' title='bbox 194 3507 243 3560; x_wconf 79' lang='lat' dir='ltr'><strong>vit.</strong></span> <span class='ocrx_word' id='word_1_269' title='bbox 258 3507 268 3574; x_wconf 91' lang='grc' dir='ltr'><strong>ΙΙ</strong></span> <span class='ocrx_word' id='word_1_270' title='bbox 282 3509 312 3558; x_wconf 76' lang='lat' dir='ltr'><strong>in</strong></span> <span class='ocrx_word' id='word_1_271' title='bbox 329 3506 480 3624; x_wconf 48' lang='lat' dir='ltr'><strong>publicanti]</strong></span> <span class='ocrx_word' id='word_1_272' title='bbox 502 3505 554 3558; x_wconf 77' lang='lat' dir='ltr'><strong>wie</strong></span> <span class='ocrx_word' id='word_1_273' title='bbox 570 3505 754 3559; x_wconf 85' lang='lat' dir='ltr'><strong>incommune</strong></span> <span class='ocrx_word' id='word_1_274' title='bbox 810 3506 897 3574; x_wconf 82' lang='lat' dir='ltr'><strong>dergl.</strong></span> <span class='ocrx_word' id='word_1_275' title='bbox 917 3506 1163 3573; x_wconf 76' lang='lat' dir='ltr'><strong>Anstrengungan,</strong></span> <span class='ocrx_word' id='word_1_276' title='bbox 1180 3507 1210 3558; x_wconf 84' lang='lat' dir='ltr'><strong>iu</strong></span> <span class='ocrx_word' id='word_1_277' title='bbox 1228 3507 1277 3559; x_wconf 87' lang='lat' dir='ltr'><strong>dar</strong></span> <span class='ocrx_word' id='word_1_278' title='bbox 1294 3508 1369 3561; x_wconf 77' lang='lat' dir='ltr'><strong>Seite</strong></span> 
     </span>
     <span class='ocr_line' id='line_1_35' title="bbox 194 3572 1116 3640; baseline -0.001 -14"><span class='ocrx_word' id='word_1_279' title='bbox 194 3573 245 3639; x_wconf 84' lang='lat' dir='ltr'><strong>VI,</strong></span> <span class='ocrx_word' id='word_1_280' title='bbox 265 3580 287 3638; x_wconf 85' lang='lat'><strong>1,</strong></span> <span class='ocrx_word' id='word_1_281' title='bbox 307 3579 336 3640; x_wconf 76' lang='lat'><strong>73</strong></span> <span class='ocrx_word' id='word_1_282' title='bbox 356 3589 417 3626; x_wconf 79' lang='lat' dir='ltr'><strong>zum</strong></span> <span class='ocrx_word' id='word_1_283' title='bbox 437 3573 462 3626; x_wconf 80' lang='lat' dir='ltr'><strong>at</strong></span> <span class='ocrx_word' id='word_1_284' title='bbox 475 3573 617 3640; x_wconf 82' lang='lat' dir='ltr'><strong>gemeinen</strong></span> <span class='ocrx_word' id='word_1_285' title='bbox 633 3575 754 3627; x_wconf 82' lang='lat' dir='ltr'><strong>Nutren.</strong></span> <span class='ocrx_word' id='word_1_286' title='bbox 810 3573 869 3627; x_wconf 85' lang='lat' dir='ltr'><strong>sich</strong></span> <span class='ocrx_word' id='word_1_287' title='bbox 887 3573 999 3626; x_wconf 80' lang='lat' dir='ltr'><strong>sdhtbar</strong></span> <span class='ocrx_word' id='word_1_288' title='bbox 1017 3572 1116 3625; x_wconf 83' lang='lat' dir='ltr'><strong>macht.</strong></span> 
     </span>
    </p>

    <p class='ocr_par' dir='ltr' id='par_1_10' title="bbox 179 3640 1374 4384">
     <span class='ocr_line' id='line_1_36' title="bbox 229 3640 1368 3713; baseline 0.003 -20"><span class='ocrx_word' id='word_1_289' title='bbox 229 3648 254 3693; x_wconf 76' lang='lat'><strong>2.</strong></span> <span class='ocrx_word' id='word_1_290' title='bbox 282 3640 515 3710; x_wconf 76' lang='lat' dir='ltr'><strong>repraesentatis]</strong></span> <span class='ocrx_word' id='word_1_291' title='bbox 548 3640 679 3709; x_wconf 76' lang='lat' dir='ltr'><strong>pldtzlich</strong></span> <span class='ocrx_word' id='word_1_292' title='bbox 709 3658 756 3694; x_wconf 83' lang='lat' dir='ltr'><strong>an·</strong></span> <span class='ocrx_word' id='word_1_293' title='bbox 844 3647 869 3694; x_wconf 86' lang='grc'><strong>3.</strong></span> <span class='ocrx_word' id='word_1_294' title='bbox 894 3658 965 3708; x_wconf 79' lang='lat' dir='ltr'><strong>quae</strong></span> <span class='ocrx_word' id='word_1_295' title='bbox 989 3657 1053 3692; x_wconf 83' lang='lat' dir='ltr'><strong>vero</strong></span> <span class='ocrx_word' id='word_1_296' title='bbox 1074 3641 1186 3707; x_wconf 77' lang='lat' dir='ltr'><strong>patitur</strong></span> <span class='ocrx_word' id='word_1_297' title='bbox 1208 3641 1259 3694; x_wconf 77' lang='lat' dir='ltr'><strong>hcc</strong></span> <span class='ocrx_word' id='word_1_298' title='bbox 1281 3643 1368 3713; x_wconf 77' lang='lat' dir='ltr'><strong>ratio]</strong></span> 
     </span>
     <span class='ocr_line' id='line_1_37' title="bbox 197 3705 1371 3789; baseline 0.003 -28"><span class='ocrx_word' id='word_1_299' title='bbox 197 3708 331 3789; x_wconf 68' lang='lat' dir='ltr'><strong>gestettte.</strong></span> <span class='ocrx_word' id='word_1_300' title='bbox 367 3708 405 3761; x_wconf 81' lang='lat' dir='ltr'><strong>So</strong></span> <span class='ocrx_word' id='word_1_301' title='bbox 422 3716 501 3774; x_wconf 72' lang='lat' dir='ltr'><strong>segre</strong></span> <span class='ocrx_word' id='word_1_302' title='bbox 518 3725 656 3761; x_wconf 84' lang='lat' dir='ltr'><strong>manvom</strong></span> <span class='ocrx_word' id='word_1_303' title='bbox 669 3708 756 3761; x_wconf 79' lang='lat' dir='ltr'><strong>Gelda</strong></span> <span class='ocrx_word' id='word_1_304' title='bbox 809 3706 936 3788; x_wconf 31' lang='lat' dir='ltr'><strong>==tratic</strong></span> <span class='ocrx_word' id='word_1_305' title='bbox 962 3725 1016 3759; x_wconf 87' lang='lat' dir='ltr'><strong>nou</strong></span> <span class='ocrx_word' id='word_1_306' title='bbox 1039 3705 1159 3776; x_wconf 80' lang='lat' dir='ltr'><strong>patitur,</strong></span> <span class='ocrx_word' id='word_1_307' title='bbox 1186 3707 1296 3762; x_wconf 74' lang='lat' dir='ltr'><strong>italicis</strong></span> <span class='ocrx_word' id='word_1_308' title='bbox 1319 3710 1371 3764; x_wconf 80' lang='lat' dir='ltr'><strong>wia</strong></span> 
     </span>
     <span class='ocr_line' id='line_1_38' title="bbox 196 3775 1371 3910; baseline 0.001 -13"><span class='ocrx_word' id='word_1_309' title='bbox 196 3783 756 3908; x_wconf 61' lang='lat' dir='ltr'><strong>t?.t¹¹¹.¹t..{5¹’:t::‘;¹t:t„aaa</strong></span> <span class='ocrx_word' id='word_1_310' title='bbox 809 3782 893 3895; x_wconf 66' lang='lat' dir='ltr'><strong>aa</strong></span> <span class='ocrx_word' id='word_1_311' title='bbox 907 3775 1371 3910; x_wconf 55' lang='lat' dir='ltr'><strong>iiintifniif‘eiidtiiit&#39;t&#39;t</strong></span> 
     </span>
     <span class='ocr_line' id='line_1_39' title="bbox 196 3909 1369 3979; baseline 0.005 -18"><span class='ocrx_word' id='word_1_312' title='bbox 196 3911 357 3966; x_wconf 86' lang='lat' dir='ltr'><strong>Verbindun</strong></span> <span class='ocrx_word' id='word_1_313' title='bbox 378 3929 411 3963; x_wconf 86' lang='lat' dir='ltr'><strong>en</strong></span> <span class='ocrx_word' id='word_1_314' title='bbox 439 3911 507 3979; x_wconf 80' lang='lat' dir='ltr'><strong>liegt</strong></span> <span class='ocrx_word' id='word_1_315' title='bbox 535 3911 564 3963; x_wconf 85' lang='lat' dir='ltr'><strong>iu</strong></span> <span class='ocrx_word' id='word_1_316' title='bbox 594 3926 754 3978; x_wconf 76' lang='lat' dir='ltr'><strong>repraesen·</strong></span> <span class='ocrx_word' id='word_1_317' title='bbox 810 3909 929 3963; x_wconf 86' lang='lat' dir='ltr'><strong>handen.</strong></span> <span class='ocrx_word' id='word_1_318' title='bbox 968 3910 1026 3964; x_wconf 77' lang='lat' dir='ltr'><strong>cia.</strong></span> <span class='ocrx_word' id='word_1_319' title='bbox 1064 3910 1147 3964; x_wconf 81' lang='lat' dir='ltr'><strong>Acad.</strong></span> <span class='ocrx_word' id='word_1_320' title='bbox 1183 3916 1214 3977; x_wconf 79' lang='lat'><strong>2,</strong></span> <span class='ocrx_word' id='word_1_321' title='bbox 1247 3917 1294 3979; x_wconf 80' lang='lat'><strong>23,</strong></span> <span class='ocrx_word' id='word_1_322' title='bbox 1321 3918 1369 3967; x_wconf 73' lang='lat'><strong>⁷42</strong></span> 
     </span>
     <span class='ocr_line' id='line_1_40' title="bbox 196 3927 1372 4046; baseline 0.003 -14"><span class='ocrx_word' id='word_1_323' title='bbox 196 3989 257 4033; x_wconf 85' lang='lat' dir='ltr'><strong>tare</strong></span> <span class='ocrx_word' id='word_1_324' title='bbox 283 3980 331 4032; x_wconf 84' lang='lat' dir='ltr'><strong>der</strong></span> <span class='ocrx_word' id='word_1_325' title='bbox 359 3927 468 4046; x_wconf 66' lang='lat' dir='ltr'><strong>ingriff</strong></span> <span class='ocrx_word' id='word_1_326' title='bbox 497 3977 635 4046; x_wconf 82' lang='lat' dir='ltr'><strong>‘rogieich</strong></span> <span class='ocrx_word' id='word_1_327' title='bbox 663 3979 754 4030; x_wconf 63' lang='lat' dir='ltr'><strong>than)</strong></span> <span class='ocrx_word' id='word_1_328' title='bbox 810 3976 926 4030; x_wconf 84' lang='lat' dir='ltr'><strong>ironiam</strong></span> <span class='ocrx_word' id='word_1_329' title='bbox 962 3977 1076 4030; x_wconf 80' lang='lat' dir='ltr'><strong>alterius</strong></span> <span class='ocrx_word' id='word_1_330' title='bbox 1111 3977 1189 4030; x_wconf 85' lang='lat' dir='ltr'><strong>nulla</strong></span> <span class='ocrx_word' id='word_1_331' title='bbox 1216 3979 1272 4032; x_wconf 82' lang='lat' dir='ltr'><strong>fuit</strong></span> <span class='ocrx_word' id='word_1_332' title='bbox 1300 3981 1372 4036; x_wconf 82' lang='lat' dir='ltr'><strong>ratio</strong></span> 
     </span>
     <span class='ocr_line' id='line_1_41' title="bbox 179 4043 1373 4116; baseline 0 -15"><span class='ocrx_word' id='word_1_333' title='bbox 179 4049 261 4101; x_wconf 80' lang='lat' dir='ltr'><strong>&#39;Sem</strong></span> <span class='ocrx_word' id='word_1_334' title='bbox 284 4064 327 4114; x_wconf 85' lang='lat' dir='ltr'><strong>ep.</strong></span> <span class='ocrx_word' id='word_1_335' title='bbox 352 4051 385 4100; x_wconf 78' lang='lat'><strong>95</strong></span> <span class='ocrx_word' id='word_1_336' title='bbox 406 4046 483 4098; x_wconf 70' lang='lat' dir='ltr'><strong>inita</strong></span> <span class='ocrx_word' id='word_1_337' title='bbox 507 4047 578 4116; x_wconf 80' lang='lat' dir='ltr'><strong>petis</strong></span> <span class='ocrx_word' id='word_1_338' title='bbox 601 4061 618 4097; x_wconf 86' lang='lat' dir='ltr'><strong>a</strong></span> <span class='ocrx_word' id='word_1_339' title='bbox 641 4063 696 4112; x_wconf 87' lang='lat' dir='ltr'><strong>me,</strong></span> <span class='ocrx_word' id='word_1_340' title='bbox 725 4055 757 4096; x_wconf 86' lang='lat' dir='ltr'><strong>nt</strong></span> <span class='ocrx_word' id='word_1_341' title='bbox 810 4045 953 4114; x_wconf 57' lang='lat' dir='ltr'><strong>per-aequm</strong></span> <span class='ocrx_word' id='word_1_342' title='bbox 974 4043 1373 4102; x_wconf 77' lang='lat' dir='ltr'><strong>wiewchlannusererstelie</strong></span> 
     </span>
     <span class='ocr_line' id='line_1_42' title="bbox 196 4111 1371 4182; baseline 0.003 -16"><span class='ocrx_word' id='word_1_343' title='bbox 196 4115 240 4178; x_wconf 86' lang='lat' dir='ltr'><strong>id,</strong></span> <span class='ocrx_word' id='word_1_344' title='bbox 271 4113 342 4182; x_wconf 89' lang='lat' dir='ltr'><strong>quod</strong></span> <span class='ocrx_word' id='word_1_345' title='bbox 368 4112 398 4165; x_wconf 88' lang='lat' dir='ltr'><strong>in</strong></span> <span class='ocrx_word' id='word_1_346' title='bbox 428 4113 497 4166; x_wconf 86' lang='lat' dir='ltr'><strong>diem</strong></span> <span class='ocrx_word' id='word_1_347' title='bbox 525 4130 605 4166; x_wconf 82' lang='lat' dir='ltr'><strong>suurn</strong></span> <span class='ocrx_word' id='word_1_348' title='bbox 635 4113 756 4166; x_wconf 84' lang='lat' dir='ltr'><strong>dixeram</strong></span> <span class='ocrx_word' id='word_1_349' title='bbox 810 4114 882 4165; x_wconf 82' lang='lat' dir='ltr'><strong>ratio</strong></span> <span class='ocrx_word' id='word_1_350' title='bbox 909 4113 980 4164; x_wconf 88' lang='lat' dir='ltr'><strong>auch</strong></span> <span class='ocrx_word' id='word_1_351' title='bbox 1007 4131 1037 4165; x_wconf 85' lang='lat' dir='ltr'><strong>so</strong></span> <span class='ocrx_word' id='word_1_352' title='bbox 1065 4111 1120 4164; x_wconf 83' lang='lat' dir='ltr'><strong>vict</strong></span> <span class='ocrx_word' id='word_1_353' title='bbox 1146 4113 1205 4166; x_wconf 82' lang='lat' dir='ltr'><strong>sain</strong></span> <span class='ocrx_word' id='word_1_354' title='bbox 1232 4115 1308 4167; x_wconf 85' lang='lat' dir='ltr'><strong>kann</strong></span> <span class='ocrx_word' id='word_1_355' title='bbox 1330 4117 1371 4169; x_wconf 81' lang='lat' dir='ltr'><strong>als</strong></span> 
     </span>
     <span class='ocr_line' id='line_1_43' title="bbox 196 4179 1372 4250; baseline 0.003 -17"><span class='ocrx_word' id='word_1_356' title='bbox 196 4182 295 4233; x_wconf 84' lang='lat' dir='ltr'><strong>debere</strong></span> <span class='ocrx_word' id='word_1_357' title='bbox 312 4181 425 4242; x_wconf 77' lang='lat' dir='ltr'><strong>differri,</strong></span> <span class='ocrx_word' id='word_1_358' title='bbox 446 4189 656 4250; x_wconf 79' lang='lat' dir='ltr'><strong>repraesentem.</strong></span> <span class='ocrx_word' id='word_1_359' title='bbox 677 4181 687 4248; x_wconf 87' lang='grc' dir='ltr'><strong>ΙΙ</strong></span> <span class='ocrx_word' id='word_1_360' title='bbox 705 4182 756 4232; x_wconf 80' lang='lat' dir='ltr'><strong>illc</strong></span> <span class='ocrx_word' id='word_1_361' title='bbox 810 4179 928 4246; x_wconf 81' lang='lat' dir='ltr'><strong>richtigc</strong></span> <span class='ocrx_word' id='word_1_362' title='bbox 950 4179 1151 4248; x_wconf 76' lang='lat' dir='ltr'><strong>(verninstige)</strong></span> <span class='ocrx_word' id='word_1_363' title='bbox 1170 4179 1289 4235; x_wconf 79' lang='lat' dir='ltr'><strong>Theoric</strong></span> <span class='ocrx_word' id='word_1_364' title='bbox 1309 4183 1372 4249; x_wconf 87' lang='lat' dir='ltr'><strong>(dar</strong></span> 
     </span>
     <span class='ocr_line' id='line_1_44' title="bbox 197 4245 1369 4320; baseline 0.005 -21"><span class='ocrx_word' id='word_1_365' title='bbox 197 4248 293 4314; x_wconf 82' lang='lat' dir='ltr'><strong>certa]</strong></span> <span class='ocrx_word' id='word_1_366' title='bbox 318 4248 466 4316; x_wconf 73' lang='lat' dir='ltr'><strong>spirtisch:</strong></span> <span class='ocrx_word' id='word_1_367' title='bbox 495 4248 542 4301; x_wconf 80' lang='lat' dir='ltr'><strong>ilia</strong></span> <span class='ocrx_word' id='word_1_368' title='bbox 566 4256 621 4301; x_wconf 83' lang='lat' dir='ltr'><strong>tam</strong></span> <span class='ocrx_word' id='word_1_369' title='bbox 644 4248 757 4316; x_wconf 81' lang='lat' dir='ltr'><strong>egregia</strong></span> <span class='ocrx_word' id='word_1_370' title='bbox 811 4245 1051 4311; x_wconf 77' lang='lat' dir='ltr'><strong>Bcredtsamkcit).</strong></span> <span class='ocrx_word' id='word_1_371' title='bbox 1080 4247 1090 4314; x_wconf 73' lang='grc'><strong>11</strong></span> <span class='ocrx_word' id='word_1_372' title='bbox 1121 4249 1245 4300; x_wconf 80' lang='lat' dir='ltr'><strong>omittere</strong></span> <span class='ocrx_word' id='word_1_373' title='bbox 1273 4251 1369 4320; x_wconf 77' lang='lat' dir='ltr'><strong>casua]</strong></span> 
     </span>
     <span class='ocr_line' id='line_1_45' title="bbox 197 4314 1374 4384; baseline 0.006 -19"><span class='ocrx_word' id='word_1_374' title='bbox 197 4317 288 4368; x_wconf 84' lang='lat' dir='ltr'><strong>verba.</strong></span> <span class='ocrx_word' id='word_1_375' title='bbox 301 4315 311 4382; x_wconf 70' lang='grc' dir='ltr'><strong>ΙΙ</strong></span> <span class='ocrx_word' id='word_1_376' title='bbox 325 4314 412 4384; x_wconf 76' lang='lat' dir='ltr'><strong>lctus]</strong></span> <span class='ocrx_word' id='word_1_377' title='bbox 426 4316 454 4366; x_wconf 91' lang='lat' dir='ltr'><strong>in</strong></span> <span class='ocrx_word' id='word_1_378' title='bbox 469 4314 630 4382; x_wconf 81' lang='lat' dir='ltr'><strong>Beziehung</strong></span> <span class='ocrx_word' id='word_1_379' title='bbox 643 4316 694 4368; x_wconf 83' lang='lat' dir='ltr'><strong>auf</strong></span> <span class='ocrx_word' id='word_1_380' title='bbox 702 4315 757 4368; x_wconf 84' lang='lat' dir='ltr'><strong>den</strong></span> <span class='ocrx_word' id='word_1_381' title='bbox 811 4314 1020 4367; x_wconf 77' lang='lat' dir='ltr'><strong>Zmirctenfilie</strong></span> <span class='ocrx_word' id='word_1_382' title='bbox 1030 4315 1204 4380; x_wconf 79' lang='lat' dir='ltr'><strong>nuberettet,</strong></span> <span class='ocrx_word' id='word_1_383' title='bbox 1218 4317 1374 4372; x_wconf 80' lang='lat' dir='ltr'><strong>unbenutrt</strong></span> 
     </span>
    </p>
   </div>
   <div class='ocr_carea' id='block_1_9' title="bbox 197 4380 1374 4452">
    <p class='ocr_par' dir='ltr' id='par_1_11' title="bbox 197 4380 1374 4452">
     <span class='ocr_line' id='line_1_46' title="bbox 197 4380 1374 4452; baseline 0.003 -16"><span class='ocrx_word' id='word_1_384' title='bbox 197 4383 307 4436; x_wconf 81' lang='lat' dir='ltr'><strong>Redner</strong></span> <span class='ocrx_word' id='word_1_385' title='bbox 324 4382 387 4447; x_wconf 82' lang='lat' dir='ltr'><strong>dar,</strong></span> <span class='ocrx_word' id='word_1_386' title='bbox 411 4399 467 4436; x_wconf 79' lang='lat' dir='ltr'><strong>was</strong></span> <span class='ocrx_word' id='word_1_387' title='bbox 485 4382 538 4437; x_wconf 85' lang='lat' dir='ltr'><strong>wir</strong></span> <span class='ocrx_word' id='word_1_388' title='bbox 556 4384 672 4437; x_wconf 74' lang='lat' dir='ltr'><strong>‘Brurt’</strong></span> <span class='ocrx_word' id='word_1_389' title='bbox 693 4382 757 4436; x_wconf 87' lang='lat' dir='ltr'><strong>oder</strong></span> <span class='ocrx_word' id='word_1_390' title='bbox 811 4381 907 4438; x_wconf 76' lang='lat' dir='ltr'><strong>lmen.</strong></span> <span class='ocrx_word' id='word_1_391' title='bbox 934 4380 1187 4451; x_wconf 78' lang='lat' dir='ltr'><strong>Wieuothwendig</strong></span> <span class='ocrx_word' id='word_1_392' title='bbox 1204 4384 1294 4452; x_wconf 82' lang='lat' dir='ltr'><strong>esrai,</strong></span> <span class='ocrx_word' id='word_1_393' title='bbox 1312 4386 1374 4440; x_wconf 79' lang='lat' dir='ltr'><strong>dm</strong></span> 
     </span>
    </p>
   </div>
   <div class='ocr_carea' id='block_1_10' title="bbox 0 0 1527 4882">
    <p class='ocr_par' dir='ltr' id='par_1_12' title="bbox 0 0 1527 4882">
     <span class='ocr_line' id='line_1_47' title="bbox 0 0 1527 4882; baseline 0 0"><span class='ocrx_word' id='word_1_394' title='bbox 0 0 1527 4882; x_wconf 95' lang='lat' dir='ltr'><strong> </strong></span> 
     </span>
    </p>
   </div>
  </div>
 </body>
</html>
