3028 4882
202 333 244 397 56
632 331 751 388 CAPUT
770 329 818 399 111,
837 337 951 388 17—20.

198 496 282 560 unde
306 495 477 578 incipiant:
501 516 564 579 quo
586 494 771 580 pudendum
794 499 843 559 est
865 495 983 579 magis,
1007 494 1035 558 si
1049 494 1273 560 difficultatem
1295 495 1380 560 facit

199 585 355 650 doctrina.
391 606 459 649 non
482 605 558 669 ergo
583 606 708 667 semper
730 586 880 668 putemus
895 584 1053 669 optimum
1077 605 1146 648 esse
1170 583 1255 668 quod
1278 584 1377 649 latet:

199 674 449 740 inmutescamus
476 673 611 757 alioqui,
639 673 667 736 si
692 671 776 736 nihil
806 672 975 737 dicendum
1003 673 1164 758 videatur,
1195 672 1260 736 nisi
1287 674 1376 758 quod

156 783 266 832 runon
293 759 483 826 invenimus.
524 761 685 825 diversum
713 765 763 825 est
788 761 864 826 huic
893 783 1003 825 eorum
1030 761 1158 844 vitium,
1185 761 1240 845 qui
1266 762 1375 845 primo

200 851 366 916 decurrere
394 871 452 934 per
474 850 643 918 materiam
672 850 746 914 stilo
777 872 872 934 quam
900 850 1102 915 velocissimo
1130 851 1244 931 volunt
1271 854 1303 914 et
1325 873 1376 915 se-

190 944 335 1024 -quentes
367 940 506 1003 calorem
539 942 635 1023 atque
668 938 825 1022 impetum
858 961 896 1003 ex
927 942 1072 1023 tempore
1101 937 1260 1003 scribunt:
1287 939 1376 1004 hanc

199 1030 336 1094 silvam
349 1030 474 1092 vocant.
510 1031 663 1112 repetunt
676 1027 789 1092 deinde
810 1029 842 1092 et
865 1031 1062 1112 componunt
1085 1050 1166 1112 quae
1181 1027 1376 1092 effuderant:

201 1117 257 1182 sed
280 1117 378 1180 verba
400 1117 613 1181 emendantur
636 1120 669 1180 et
691 1117 829 1200 numeri,
852 1119 963 1180 manet
985 1117 1019 1180 in
1041 1117 1137 1180 rebus
1160 1119 1280 1180 temere
1298 1139 1377 1182 con-

157 1232 188 1280 13
202 1207 302 1290 gestis
326 1227 407 1290 quae
430 1205 493 1269 fuit
514 1205 637 1269 levitas.
672 1205 820 1290 protinus
848 1227 925 1290 ergo
950 1205 1101 1272 adhibere
1124 1227 1234 1269 curam
1256 1207 1379 1270 rectius

201 1295 262 1358 erit
290 1297 385 1378 atque
415 1294 455 1358 ab
482 1294 576 1358 initio
605 1295 651 1358 sic
679 1315 759 1378 opus
788 1294 916 1372 ducere,
947 1297 985 1358 ut
1012 1294 1214 1377 caelandum,
1241 1315 1307 1358 non
1334 1316 1377 1358 ex

200 1385 328 1467 integro
351 1382 575 1446 fabricandum
597 1383 647 1447 sit.
690 1383 863 1467 aliquando
891 1388 1002 1447 tamen
1030 1383 1173 1448 adfectus
1197 1403 1380 1467 sequemur,

200 1472 235 1535 in
258 1471 374 1556 quibus
396 1471 464 1535 fere
486 1472 559 1554 plus
584 1472 670 1535 calor
694 1494 790 1554 quam
813 1471 983 1556 diligentia
1006 1472 1099 1536 valet.

159 1583 190 1632 19
231 1581 236 1606 ¹
291 1558 378 1624 Satis
402 1562 537 1644 apparet
560 1581 598 1623 ex
621 1581 672 1641 eo,
696 1560 780 1644 quod
803 1560 887 1626 hanc
903 1561 1111 1625 scribentium
1134 1561 1375 1646 neglegentiam

202 1649 334 1732 damno,
362 1648 440 1733 quid
467 1648 506 1712 de
533 1649 598 1712 illis
627 1649 769 1712 dictandi
797 1649 917 1714 deliciis
946 1650 1090 1714 sentiam.
1130 1671 1208 1713 nam
1235 1650 1271 1713 in
1299 1649 1376 1714 stilo

202 1738 330 1823 quidem
359 1736 535 1821 quamlibet
565 1740 738 1821 properato
767 1737 823 1802 dat
853 1739 993 1822 aliquam
1026 1738 1216 1824 cogitationi
1249 1761 1374 1804 moram

200 1848 267 1891 non
299 1848 496 1910 consequens
529 1827 725 1890 celeritatem
757 1827 825 1891 eius
857 1849 986 1892 manus:
1023 1826 1090 1911 ille,
1123 1827 1175 1890 cui
1206 1827 1378 1912 dictamuS,

201 1919 311 2000 urget,
342 1919 439 2000 atque
466 1915 595 1979 interim
626 1915 726 1998 pudet
753 1916 851 1980 etiam
885 1915 1040 2009 dubitare,¹
1064 1919 1120 1980 aut
1142 1916 1290 1980 resistere
1318 1920 1379 1980 aut

158 2009 327 2068 romutare
356 2005 446 2088 quasi
475 2004 639 2068 conscium
666 2002 863 2069 infirmitatis
886 2008 1019 2070 nostrate
1042 2004 1195 2069 timentis.
1242 2027 1305 2090 quo
1328 2005 1376 2088 fit,

201 2096 326 2156 utnon
348 2092 441 2156 rudia
463 2096 592 2156 tantum
620 2096 652 2155 et
679 2091 828 2176 fortuita,
856 2093 910 2157 sed
938 2093 1105 2177 inproprie
1126 2093 1269 2177 interim,
1297 2094 1376 2157 dum

202 2182 272 2246 sola
295 2184 344 2245 est
368 2179 556 2246 conectendi
580 2181 736 2244 sermonis
760 2181 930 2266 cupiditas,
953 2182 1100 2267 effluant,
1124 2203 1206 2266 quae
1219 2203 1278 2246 nec
1298 2183 1375 2246 scri·

202 2270 349 2334 bentium
372 2291 481 2334 curam
504 2291 564 2333 nec
588 2270 762 2334 dicentium
785 2272 940 2354 impetum
955 2274 1200 2355 consequantur.
1237 2275 1272 2334 at
1290 2270 1374 2335 idem

202 2359 269 2441 ille,
293 2358 347 2442 qui
362 2359 493 2442 excipit,
517 2359 545 2421 si
559 2358 681 2422 tardior
703 2358 737 2422 in
753 2359 920 2424 scribendo
936 2362 992 2423 aut
1014 2360 1167 2424 incertior
1180 2360 1215 2423 in
1237 2360 1374 2444 legendo

202 2447 289 2510 velut
313 2445 488 2511 offensator
510 2446 586 2531 fnit,
609 2446 774 2511 inhibetur
797 2469 920 2533 cursus,
944 2451 1040 2533 atque
1055 2449 1173 2532 omnis,
1197 2470 1278 2532 quae
1297 2451 1375 2532 erat,

203 2621 258 2673 dies
281 2620 427 2674 besouders
452 2622 502 2674 auf
522 2620 565 2673 die
584 2621 666 2675 initia
683 2622 763 2688 gelre,
816 2640 845 2675 so
862 2622 980 2676 beliebte
997 2621 1130 2678 Dictiren.
1151 2623 1162 2689 ΙΙ
1179 2623 1317 2690 resistere]
1337 2623 1373 2675 cf.

203 2689 308 2756 ergiebt
325 2689 385 2740 sich
405 2705 453 2741 ans
466 2688 524 2741 dem
538 2689 627 2756 gleieh
642 2691 761 2756 Folgen·
816 2695 841 2756 ς.
860 2695 899 2746 10.

203 2757 263 2810 den.
295 2757 305 2824 ΙΙ
335 2756 567 2826 immutescamus]
590 2757 762 2824 gewdhnlich
850 2763 891 2814 20.
908 2758 1006 2838 rudia]
1023 2757 1372 2824 ungesohicktemnbehol-

203 2825 240 2877 iet
257 2832 334 2878 ronst
353 2843 367 2876 o
388 2833 544 2877 mutescere.
580 2825 657 2876 Doch
675 2825 761 2892 vergl.
816 2827 878 2878 fene
896 2825 1064 2878 Ausdrueke.
1095 2825 1289 2893 liupropria]
1307 2825 1333 2879 d.
1355 2826 1374 2876 i.
1483 2869 1484 2876 ,

203 2893 276 2946 stat.
299 2824 386 2944 Thed
409 2896 433 2956 5,
453 2898 510 2945 542.
523 2893 533 2960 ΙΙ
547 2892 664 2960 alioqui]
686 2911 706 2944 s.
726 2909 761 2944 zu
837 2910 887 2953 uae
913 2892 1116 2960 significatione
1142 2892 1271 2946 deerrarit
1303 2893 1373 2945 nach

204 2965 228 3024 §.
259 2966 282 3014 7.
317 2961 373 3011 Der
399 2959 428 3012 iu
454 2959 559 3028 alioqui
581 2961 762 3027 angadeutete
815 2911 843 3023 l,
866 2965 897 3026 5,
918 2966 966 3026 46,
989 2961 1046 3013 also
1070 2961 1228 3028 unpassend
1249 2961 1296 3013 for
1322 2959 1373 3012 den

204 3026 759 3094 BedingungssatzwirdhierimFolgen·
816 3028 1078 3081 anszudriiclrenden
1114 3027 1230 3095 Begriff.
1283 3029 1375 3080 Ueber

203 3094 255 3146 den
274 3094 463 3146 ausdrircklich
482 3095 675 3161 hinzugelfigt.
815 3096 930 3165 propria
948 3115 970 3148 s.
990 3114 1024 3149 en
1046 3103 1069 3163 1,
1088 3101 1111 3150 6.
1138 3097 1148 3164 ΙΙ
1172 3095 1312 3164 impetum]
1330 3095 1375 3147 die

815 3163 1022 3231 Lebendigkeit.
1052 3163 1062 3231 ΙΙ
1091 3165 1311 3232 consequantur]
1336 3164 1376 3216 sie

815 3231 953 3284 erreichen
983 3232 1060 3284 nicht
1084 3231 1127 3283 die
1153 3231 1288 3300 Sorgfalt,
1313 3231 1375 3283 sind

816 3299 872 3352 also
906 3299 982 3352 nicht
1012 3317 1042 3352 so
1075 3297 1220 3366 sorgfiltig
1247 3299 1373 3366 gewdhlt.

826 3367 829 3434 l
854 3369 987 3420 incertior
1009 3369 1038 3419 in
1061 3367 1189 3435 leyendo]
1214 3367 1283 3419 heim
1303 3367 1373 3420 Vor-

826 3453 889 3488 esen
918 3434 964 3488 des
990 3434 1295 3502 Nachgeschriebenen,
1317 3453 1375 3486 was

814 3502 863 3556 der
889 3503 1046 3555 Dietirende
1074 3502 1207 3554 zuweileu
1234 3520 1289 3556 rou
1315 3502 1374 3554 deur

815 3571 958 3622 Schreiher
993 3571 1128 3636 verlangt.
1168 3570 1178 3637 ΙΙ
1213 3569 1374 3636 offensator]

815 3639 851 3690 ist
877 3638 920 3689 die
946 3638 1004 3694 LA.
1030 3638 1147 3705 ricbtig,
1174 3656 1204 3690 so
1231 3637 1301 3695 wind
1326 3637 1376 3690 das

816 3722 869 3757 nur
899 3705 956 3756 hier
984 3706 1203 3769 vorkommende,
1234 3723 1287 3758 von
1316 3704 1374 3756 dem

204 3803 530 3941 3¹33&ngng
546 3823 622 3930 2¹¹¹„
638 3807 762 3942 pfwffiq
815 3771 1267 3907 tJ‘rltlzuflc“addat
1288 3776 1374 3893 didi

204 3943 315 4010 aaa]
340 3941 609 3994 osana-tamna.
816 3907 1375 4044 {uudeattractentur,2¹3

240 4049 280 4098 18.
300 4043 443 4112 protinus]
462 4069 496 4089 =
512 4044 605 4112 statim
621 4045 654 4097 ab
667 4043 761 4097 initio:
817 4043 853 4096 ist
875 4044 1015 4097 entweder
1037 4045 1096 4110 der,
1118 4045 1165 4096 der
1188 4043 1236 4097 das
1254 4043 1374 4098 Stockeu

204 4127 259 4164 von
271 4129 340 4164 vorn
353 4113 456 4164 herein.
470 4113 480 4180 ll
493 4111 603 4182 ducere]
616 4112 659 4164 die
672 4111 762 4165 Meta·
817 4111 1019 4179 hervorbringt,
1033 4113 1093 4165 dem
1105 4111 1282 4165 Dietirenden
1295 4109 1374 4164 einen

205 4181 274 4248 phet
292 4181 328 4233 ist
346 4198 399 4232 von
418 4179 476 4232 dem
493 4181 587 4233 Bilden
607 4198 657 4232 eus
676 4179 762 4232 ciuem
818 4179 983 4233 Aufenthalt
1017 4181 1190 4242 veteranam,
1227 4180 1293 4232 oder
1326 4179 1376 4230 der

205 4245 327 4300 weichen
346 4247 435 4300 Stulte
452 4248 593 4312 entlehnt3
612 4249 647 4305 cf,
667 4253 692 4315 5,
711 4253 737 4302 9.
755 4247 763 4315 il
816 4247 900 4300 selbst
926 4247 1018 4300 stoekt
1051 4249 1109 4313 (ein
1141 4247 1298 4317 Stimper).
1341 4247 1375 4298 Iu

205 4315 361 4434 pequerpqqq
381 4316 429 4369 das
447 4317 512 4370 rut.
532 4317 569 4367 im
585 4317 671 4369 Sinue
688 4317 763 4368 einer
816 4315 874 4434 ‘qam
892 4315 1056 4435 {uqstatntiv
1075 4316 1142 4434 li‘pgt
1164 4313 1374 4434 ugeraugleic1b

231 4398 335 4434 oreon
363 4422 368 4434 .
836 4401 860 4434 ie
916 4400 933 4434 n
954 4399 1038 4434 euun
1106 4401 1133 4435 es
1164 4401 1300 4437 causare
1335 4399 1378 4434 as

241 4455 280 4503 19.
300 4454 332 4502 de
351 4450 407 4502 iuis
426 4453 553 4503 dictandi
577 4453 694 4518 deliciis]
714 4453 762 4504 das
817 4451 894 4502 einer
927 4399 1084 4503 dauerndgen
1118 4451 1300 4519 Eigenschaft
1329 4449 1377 4502 des

239 3201 278 3249 17.
293 3198 432 3248 diversum
444 3197 521 3266 haic]
538 3221 571 3241 =
584 3197 760 3264 contrarium,

202 3263 246 3316 bei
270 3263 368 3327 Quint.
399 3264 453 3317 und
480 3265 532 3317 den
555 3266 674 3334 Spdtern
698 3284 761 3318 vor·

204 3332 367 3385 herrschend
395 3332 444 3384 mit
465 3333 525 3385 dem
548 3333 640 3387 Dativ.
681 3334 761 3386 Auch

203 3401 247 3452 bei
265 3401 362 3455 Horat.
380 3417 423 3471 ep.
444 3406 468 3466 1,
490 3406 538 3465 18,
556 3407 579 3456 5.
610 3401 635 3482 ll,
650 3401 761 3522 lavanii

204 3469 409 3536 Uebersetzung
431 3468 477 3520 des
495 3469 597 3536 griech.
616 3475 681 3538 atq,
706 3487 741 3522 un

204 3541 280 3586 ader
304 3535 363 3588 hier
384 3537 413 3587 in
437 3536 485 3588 der
503 3536 666 3604 Bedeutung
684 3538 762 3590 ‘robe

204 3601 309 3666 Messe,
379 3604 612 3656 unvererbeiteter
674 3605 760 3658 stom

204 3669 372 3734 (Brouillon‚
392 3670 515 3738 Kladde).
545 3671 555 3738 ΙΙ
579 3671 758 3741 componunt]

203 3737 313 3790 bezieht
328 3737 387 3789 sich
406 3737 483 3790 nicht
501 3739 552 3791 auf
567 3738 685 3806 logische
704 3739 761 3792 An-
