3028 4882
190 211 233 278 '16
608 209 729 267 CAPUT
747 209 807 278 Vll,
825 215 939 267 te-er.

186 375 280 440 liciti:
308 395 417 438 rerum
440 376 491 437 est
512 371 613 456 enim,
640 375 678 436 ut
700 372 780 438 setis
807 393 841 435 sc
869 371 1005 455 quisque
1028 371 1185 434 vereatur.
1227 367 1278 432 vel
1303 368 1368 434 soli

139 467 298 528 ettamen
320 461 463 526 dicemus
486 460 595 545 potius
619 481 716 545 quem
739 460 871 526 omnino
894 481 962 524 non
985 457 1138 522 dicemus.
1179 459 1230 521 eet
1252 460 1286 521 ct
1307 457 1369 522 illa

186 551 372 616 exercitatio
392 549 559 635 cogitandi
580 551 731 633 totasque
744 547 897 614 materias
914 547 972 612 -vcl
987 545 1114 612 silentio
1138 542 1231 631 (dum
1252 547 1368 610 tumen

188 638 280 724 quasi
307 639 394 704 dicat
419 640 508 702 intre
536 659 569 703 se
596 634 722 721 ipsum)
749 636 977 720 persequendi,
1009 656 1091 720 quoe
1117 634 1208 698 nullo
1235 655 1309 699 non
1331 637 1367 698 ct

188 732 333 812 tempore
360 730 394 792 et
419 727 506 810 loco,
535 725 665 811 quando
692 745 760 789 non
782 725 870 789 uliud
894 725 1035 809 agimus,
1067 722 1220 806 explicari
1245 725 1367 807 potest,

143 819 222 883 eeet
248 819 298 880 eet
323 817 359 880 in
385 820 478 899 porte
505 815 617 880 utilior
639 835 737 899 quam
762 812 843 878 hoec
869 813 1031 896 proxima:
1059 811 1247 896 diligentius
1275 811 1366 875 enim

187 904 394 988 componitur
417 925 514 988 quem
536 903 607 986 ifle,
633 902 670 966 in
692 923 756 985 que
784 904 970 967 contextim
993 900 1121 965 dicendi
1147 899 1366 964 intermittere

186 1013 343 1057 veremur.
382 1013 493 1056 rursus
521 991 556 1055 in
583 991 649 1055 clio
675 991 748 1074 plus
774 990 865 1074 prior
888 989 1024 1072 confert,
1051 989 1142 1054 uocis
1168 987 1367 1072 firmitatem,

188 1082 252 1146 orie
274 1081 477 1164 facilitatem,
505 1083 631 1144 motum
654 1079 812 1162 corporis!
840 1079 896 1162 qui
919 1078 1056 1161 etipse,
1079 1081 1117 1141 ut
1139 1076 1219 1160 dixi,
1246 1075 1370 1166 excitat

188 1173 350 1235 oratorem
373 1172 405 1232 et
427 1168 602 1233 iactatione
625 1189 754 1246 monus,
781 1166 873 1250 pedis
901 1166 1123 1251 supplosione,
1151 1165 1234 1229 sicut
1262 1164 1368 1228 caude

186 1259 298 1322 leones
324 1257 431 1321 facere
458 1255 623 1340 dicuntur,
650 1256 807 1320 bortetru.
853 1254 1046 1318 studendum
1072 1275 1150 1318 vero
1178 1273 1305 1336 semper
1332 1255 1369 1316 et
1403 1299 1411 1314 .

142 1351 175 1402 2⁷
189 1346 315 1430 ubique.
351 1345 559 1429 nequeenim
579 1344 647 1408 fere
669 1345 737 1408 tem
751 1347 801 1408 eet
823 1343 909 1408 ullus
933 1342 1001 1407 dies
1015 1345 1205 1426 occupem,
1228 1346 1264 1404 ut
1281 1341 1367 1406 nihil

188 1433 377 1516 lucrativae,
398 1436 437 1497 ut
459 1430 570 1498 Cicero
592 1432 731 1496 Brutum
752 1433 859 1497 iacere
882 1430 995 1514 tradit,
1023 1451 1141 1513 operae
1162 1429 1204 1493 ad
1227 1429 1366 1494 scriben-

189 1522 266 1588 dum
294 1524 352 1586 out
377 1521 551 1606 legendum
579 1525 635 1586 eut
662 1521 832 1586 dicendum
858 1520 930 1604 repi
957 1519 1067 1604 aliquo
1093 1520 1258 1583 momento
1284 1521 1367 1582 tem-

188 1611 278 1694 poris
300 1609 417 1694 possit:
447 1609 604 1693 siquidem
627 1607 662 1675 0.
686 1608 791 1676 Gerbo
820 1609 918 1674 etium
946 1608 983 1671 in
1004 1607 1214 1672 tebemeculo
1239 1606 1368 1672 solebat

189 1819 346 1886 Fertigrein
394 1819 449 1871 und
495 1819 525 1870 in
566 1818 751 1873 Bereitecbeft
804 1819 853 1872 dee
877 1817 997 1872 Verbum
1019 1817 1048 1868 in
1067 1817 1165 1870 diesem
1183 1817 1270 1870 Sinne
1288 1816 1369 1870 niobt

190 1887 294 1948 etehen,
311 1887 385 1940 diere
401 1887 665 1954 Schiagsertiglreit’.
679 1886 690 1954 l
702 1905 748 1938 ra·
805 1885 1007 2006 fiebrducblicb.
1020 1885 1030 1952 l
1043 1886 1306 1952 vodefirmitatem.
1322 1926 1329 1938 .
1342 1883 1366 1954 .]

190 1963 321 2016 remeet,
340 1955 383 2023 ut]
400 1977 435 1998 τι
452 1972 516 2007 rero
535 1955 578 2020 fit,
598 1962 640 2018 ut3
659 1973 681 2006 r.
700 1953 750 2007 Kr.
823 1954 850 2006 ie
865 1954 1036 2020 Aoeleeeung
1054 1953 1103 2004 der
1120 1951 1366 2020 verborgehenden

191 2024 240 2075 Gr.
259 2026 283 2086 s.
305 2022 463 2089 561‚An1n.
484 2027 507 2074 1.
529 2022 560 2077 Z.
580 2026 605 2086 §.
623 2026 681 2074 623.
804 2021 980 2090 Pripoeition
1008 2021 1045 2072 iet
1071 2018 1114 2072 bei
1138 2019 1235 2084 Quint.
1264 2019 1367 2087 bdufig.

223 2093 265 2142 26.
287 2096 328 2141 eet
350 2097 377 2140 et
398 2089 449 2141 illa
473 2130 480 2144 .
500 2133 506 2145 .
527 2089 548 2156 .]
570 2107 604 2140 eu
622 2087 748 2140 erlrliiren
807 2088 866 2156 Vgl.
887 2094 973 2157 2,16.
1011 2087 1133 2158 utdixr']
1152 2094 1177 2152 3,
1196 2091 1238 2142 21.
1258 2087 1368 2154 lpcdie

189 2155 310 2223 nielli,
329 2161 354 2219 3,
367 2160 415 2209 35:
434 2163 476 2210 eet
487 2163 516 2208 et
526 2156 594 2208 illud
605 2157 750 2224 repetendi
805 2159 984 2224 supplentem
1016 2155 1065 2218 xl,
1084 2161 1109 2219 3,
1130 2159 1191 2208 128:
1210 2155 1367 2227 pedieeup·

190 2240 277 2290 genoe
300 2247 335 2267 =
358 2240 420 2276 men
439 2224 488 2278 hat
505 2224 575 2276 eucb
595 2253 637 2284 -‚
657 2223 751 2276 bieher
806 2224 904 2293 piceio,
932 2231 964 2276 ut
1001 2241 1050 2275 oco
1077 2233 1120 2274 eet
1146 2231 1315 2302 opportuno,
1334 2229 1370 2276 ut

189 2290 752 2360 gebdrteuch-.[]exercitatiocnpiran·
806 2291 846 2345 eit
873 2291 980 2355 Cicero,
1005 2291 1034 2341 in
1062 2289 1286 2345 contentionibus
1316 2297 1370 2344 ent
1484 2322 1489 2328 -

190 2357 230 2425 di]
243 2375 265 2410 e.
277 2357 326 2409 Kr.
347 2359 397 2409 Gr.
419 2362 443 2422 §.
454 2363 513 2424 338,
533 2359 612 2411 Αιιιιι.
630 2364 655 2411 2,
671 2357 703 2410 Ζ,
724 2363 748 2423 s.

187 2430 247 2479 425.
284 2425 341 2478 Der
359 2425 477 2479 Genetiv
497 2425 536 2478 iet
552 2425 751 2493 geniceermes-

189 2510 237 2546 een
268 2492 313 2545 ein
343 2494 412 2545 Gen,
446 2493 588 2546 materieer
623 2494 666 2544 die
694 2495 750 2546 Ue-

189 2561 272 2628 bung,
293 2560 396 2612 welche
413 2560 521 2613 beeteht
537 2561 572 2614 itu
592 2561 750 2613 Ueberden-

190 2628 253 2682 lren.
274 2627 332 2680 Cic.
346 2627 380 2679 de
393 2629 441 2682 off.
456 2635 480 2690 1,
499 2634 541 2692 15,
558 2633 606 2682 te:
624 2628 750 2681 cumduo

188 2694 247 2747 rint
264 2711 366 2762 genere
378 2694 562 2760 liberalitatis,
581 2712 664 2748 unum
683 2699 751 2747 dan·

189 2764 220 2815 dt
238 2764 371 2830 tepefieri,
389 2762 505 2815 alterurn
525 2765 666 2844 reddendi.
685 2763 750 2830 ΙΙία-

188 2828 753 2966 ettigeniltfttttlti,§toti

189 2963 226 3014 iet
243 2963 394 3032 derjenige,
414 2965 533 3016 welcber
550 2965 594 3017 die
611 2975 751 3030 genennte

189 3031 307 3097 Uebung
325 3031 452 3093 enetellt3
469 3049 491 3083 e.
510 3048 544 3082 zu
565 3035 589 3092 1,
608 3038 633 3084 7.
663 3030 675 3098 ll
703 3051 751 3084 ex·

209 3100 304 3166 liceri]
330 3098 379 3150 mit
400 3098 461 3152 dem
484 3098 684 3165 Nebenbegriff
703 3099 749 3150 dee

219 3165 435 3218 nbeecbrdnlten
466 3165 521 3218 und
555 3165 748 3233 Ungebinder-

189 3242 244 3285 ten.
259 3233 269 3300 ΙΙ
282 3234 311 3285 in
330 3234 423 3302 parre]
439 3251 501 3287 zum
516 3233 606 3296 Theti,
624 3235 695 3286 diter
707 3234 751 3286 bei

190 3299 367 3364 Quintilium
391 3301 485 3354 irritet
507 3301 589 3353 dnlrir
610 3319 643 3354 ex
660 3311 749 3370 parte.

190 3368 285 3484 pltare
305 3367 447 3436 proxima]
472 3366 516 3420 die
533 3375 557 3432 5.
576 3375 609 3420 24
627 3370 748 3437 empsoh·

200 3452 263 3485 ene=
282 3434 364 3487 detur
382 3437 406 3498 S.
425 3441 458 3488 26
477 3436 562 3505 prior.

223 3506 266 3555 26.
286 3501 472 3570 componitur]
487 3503 535 3554 das
549 3504 662 3570 Sobject
675 3505 749 3555 kann

190 3567 267 3620 nicht
301 3567 359 3620 rein
399 3569 559 3621 exercitatio
595 3571 749 3636 cogitandi3

189 3635 247 3688 eleo
266 3635 303 3689 iet
320 3635 460 3688 entweder
473 3635 531 3688 bier
544 3636 595 3688 wie
609 3642 631 3701 s.
647 3644 678 3690 14
689 3639 749 3690 dent

189 3703 278 3756 Sinne
297 3703 367 3756 noch
387 3703 475 3757 cretio
495 3709 587 3773 (quero
602 3705 749 3772 cogitando

188 3770 750 3908 pppsrequpppp'iatlprspppccpnzpepsefiplpppfi

188 3906 351 3973 gebraucbt,
372 3907 426 3959 und
445 3907 494 3958 dee
506 3907 634 3974 folgeode
651 3906 701 3959 illu
713 3907 751 3959 iet

189 3974 229 4026 ele
242 3973 353 4026 Ablativ
372 3975 536 4027 uneueehen.
571 3975 661 4026 Ueber
679 3991 750 4027 com·

189 4059 332 4110 poneres.
351 4059 385 4093 zu
405 4049 428 4105 l,
451 4047 492 4096 79.
521 4041 531 4108 ss
560 4044 591 4094 in
610 4044 670 4094 olio
688 4086 695 4099 .
716 4081 749 4097 ..

188 4105 749 4230 tillttllit‘“tetulit‘lle'

446 4215 453 4235 ι
626 4216 631 4228 ·
681 4217 687 4230 ·
743 4215 750 4240 ι

190 4241 256 4294 oon
274 4246 321 4305 an,
339 4242 392 4294 wie
406 4249 430 4309 1,
443 4249 466 4297 1.
501 4217 634 4297 nerino
652 4244 701 4296 in:
720 4243 749 4294 in

189 4311 241 4363 boc
263 4309 367 4364 socient
389 4315 420 4378 ὀ,
446 4317 485 4362 11.
522 4311 572 4364 Boi
595 4311 690 4364 Cicero
713 4311 751 4364 iet

804 2357 970 2426 incipiendis
988 2365 1037 2409 eut
1055 2356 1191 2424 finiendis,
1210 2357 1251 2409 ite
1269 2356 1368 2410 crebre

805 2432 833 2478 et
850 2426 938 2494 inepti
955 2434 997 2478 ert
1014 2424 1130 2476 bominis
1143 2435 1171 2476 et
1182 2423 1283 2477 desiuit
1293 2425 1369 2476 iudi-

805 2510 863 2546 cem
879 2491 908 2544 in
926 2511 956 2545 re
974 2499 1140 2545 convertere.

839 2565 881 2615 rr.
911 2559 1079 2628 lucratione]
1112 2565 1195 2611 unter
1223 2559 1274 2612 den
1303 2577 1365 2612 ver-

805 2627 966 2680 ecbiedenen
996 2627 1130 2680 Leeerten
1162 2625 1249 2679 dieser
1278 2626 1368 2680 Stelle

806 2695 884 2814 pliebt
906 2713 959 2747 nur
986 2695 1069 2758 (licre¹
1086 2695 1138 2746 ruf
1161 2694 1205 2746 die
1226 2694 1366 2762 jdngeren

834 2762 1021 2816 endrchritten
1043 2761 1102 2814 rich
1122 2761 1267 2814 etritrende
1284 2761 1365 2819 einen

806 2831 885 2886 Sinn.
920 2831 977 2881 Dae
998 2830 1081 2882 Wort
1104 2829 1169 2882 eber
1189 2830 1292 2881 kommt
1311 2846 1366 2884 our

805 2899 834 2949 in
858 2896 911 2948 den
933 2896 1090 2949 Pendecten
1117 2914 1180 2959 vor,
1209 2895 1365 2948 keineslelle

804 2965 848 3016 bei
871 2965 980 3030 Cicero,
1008 2982 1039 3016 eo
1062 2965 1123 3016 dees
1148 2981 1183 3016 en
1212 2963 1254 3014 ein
1279 2965 1364 3016 udri-

806 3032 889 3085 liohee
912 3031 989 3085 Cicer
1011 3048 1062 3084 eus
1085 3031 1183 3085 Cicero
1205 3029 1265 3086 hier
1288 3030 1366 3084 nicht

804 3116 838 3152 ru
851 3098 956 3151 denlren
968 3098 1013 3152 ist.
1049 3100 1091 3152 De
1101 3099 1208 3151 lucrum
1220 3097 1364 3151 inebeson·

804 3168 867 3219 dere
896 3167 974 3218 einen
1003 3175 1208 3219 unerwerteten
1244 3167 1364 3218 Gewinn

803 3233 976 3298 bezeichnet‚
999 3251 1029 3287 eo
1050 3234 1125 3287 kann
1145 3233 1203 3286 bier
1223 3249 1274 3301 ger
1293 3233 1364 3285 wohl

804 3301 848 3356 die
866 3301 1038 3382 Thitiglreit‚
1056 3301 1158 3354 welche
1177 3300 1228 3352 nir
1247 3318 1363 3353 uneeren

807 3368 1020 3435 nothwendrgen
1029 3369 1196 3422 Geeehiften
1208 3367 1362 3430 enteiehen,

806 3453 851 3491 um
871 3437 910 3488 eie
920 3437 1039 3488 anderen
1050 3436 1298 3506 Rescbe'stigungen
1318 3452 1364 3489 zu·

805 3503 966 3570 zuwenden,
985 3504 1120 3556 lucrative
1139 3521 1222 3572 opere
1239 3509 1365 3570 genennt

804 3571 929 3634 werden,
954 3571 1016 3623 eine
1033 3571 1174 3638 ertibrigte
1191 3564 1360 3638 Thitigkeit.

806 3638 940 3690 Aebnlioh
950 3637 1025 3690 sindr
1045 3649 1197 3707 temporum
1207 3637 1283 3690 reiut
1299 3638 1363 3690 enb-

803 3705 891 3758 ricive
915 3706 937 3768 Ι,
963 3711 1004 3774 12,
1025 3711 1070 3770 133
1093 3723 1193 3774 operae
1211 3704 1364 3757 subsicivae

805 3773 863 3826 Cic.
888 3773 921 3824 de
943 3784 1011 3828 oret.
1034 3779 1063 3837 2,
1087 3777 1134 3837 89,
1156 3777 1222 3837 364,
1255 3772 1363 3826 Neben-

803 3840 1061 3907 beecbdstigungen.
1076 3840 1086 3907 ΙΙ
1099 3840 1175 3908 rupi]
1187 3839 1283 3892 deotet
1294 3839 1364 3893 euch

804 3909 856 3961 eof
882 3907 925 3959 ein
960 3908 1064 3960 rolcbee
1097 3907 1263 3963 Entriehen.
1293 3908 1303 3975 [Ι
1332 3915 1364 3961 ut

804 3977 897 4028 Cicero
916 4014 922 4026 .
943 4013 949 4026 .
970 4016 976 4028 .
995 3975 1096 4042 tradit]
1116 3975 1286 4042 gemeintist
1299 3974 1364 4027 viel-

804 4042 887 4094 leicbt
908 4041 966 4095 Cic.
986 4049 1056 4095 oret.
1075 4047 1116 4107 10,
1135 4048 1182 4095 34:
1201 4043 1255 4096 iem
1276 4059 1362 4112 quen·

804 4118 861 4161 tum
891 4108 960 4161 illud
991 4119 1040 4176 ert,
1071 4109 1143 4177 quod
1166 4110 1207 4161 'in
1243 4109 1364 4163 maximis

803 4177 1364 4314 eructueminteribitis

803 4312 869 4376 riue,
899 4311 1005 4366 conoul
1035 4317 1084 4366 120
1112 4329 1139 4370 r.
1170 4312 1211 4375 0.,
1243 4329 1365 4367 summus
