3028 4882
208 263 248 324 14
641 259 760 314 carun
779 261 800 328 1,
823 264 936 314 ere-es.
984 314 989 324 ,

163 425 344 506 assitionis,
368 423 423 487 sed
447 422 542 486 fidem
566 422 699 506 quaerit.
745 422 880 504 ideoque
904 419 947 484 M.
971 420 1095 485 Tullius
1118 442 1159 484 ne
1174 421 1383 506 Thucydiden

206 513 335 598 quidem
360 515 417 576 eut
439 507 688 594 Xenophontem
702 511 797 573 utiles
813 511 934 574 oratori
947 512 1051 593 putet,
1074 531 1269 593 quamquam
1289 510 1382 574 illum

204 601 387 666 bellicum
411 621 562 681 canere,
584 598 680 663 huius
704 597 903 663 oreMusas
927 619 1009 662 esse
1033 599 1186 663 locutas
1211 598 1382 662 existimet.

204 691 282 754 licet
305 693 415 752 tamen
437 688 533 752 nobis
556 687 590 750 in
614 686 869 771 digressionibus
897 687 945 750 uti
968 687 1019 750 vel
1042 687 1197 750 historico
1221 708 1380 751 nonnum-

205 799 302 862 quam
316 778 432 860 nitore,
456 775 531 840 dum
554 776 589 838 in
601 774 663 858 his,
685 775 856 859 dequibus
877 775 939 838 erit
953 775 1108 860 quaestio,
1132 775 1380 859 meminerimus,

203 889 272 931 non
296 865 490 929 athletarum
509 864 599 946 toris,
622 863 677 927 sed
691 864 831 928 militum
853 863 982 928 lacertis
1005 885 1081 946 opus
1100 885 1177 947 esse,
1200 885 1260 928 neo
1282 865 1380 928 versi-

205 957 345 1020 colorem
367 955 470 1037 illam,
494 975 557 1038 qua
580 951 763 1016 Demetrius
786 951 960 1017 Phalereus
984 952 1150 1017 dicebatur
1172 953 1234 1036 uti,
1256 956 1379 1018 restem

161 1052 195 1101 34
207 1045 286 1108 bene
316 1042 357 1106 ad
384 1042 547 1106 forensem
574 1041 740 1124 pulverem
767 1041 881 1106 facere.
927 1045 975 1106 est
1004 1043 1036 1104 et
1064 1042 1146 1105 alius
1175 1062 1214 1104 ex
1235 1040 1381 1105 historiis

205 1153 283 1196 usus
307 1134 341 1194 et
362 1131 391 1194 is
411 1129 539 1214 quidem
563 1131 730 1212 maximus,
754 1130 899 1195 sednon
923 1129 964 1194 ad
988 1133 1192 1213 praesentem
1215 1131 1380 1213 pertinens

205 1221 322 1303 locum,
346 1241 384 1282 ex
407 1219 594 1303 cognitione
618 1240 725 1283 rerum
748 1219 1039 1303 exemplorumque,
1070 1219 1186 1301 quibus
1209 1219 1245 1281 in
1267 1219 1380 1302 primis

203 1310 381 1372 instructus
409 1329 479 1373 esse
503 1308 598 1371 debet
622 1311 744 1391 orator,
767 1330 807 1372 ne
831 1309 940 1371 omnia
962 1307 1150 1371 testimonia
1175 1309 1337 1390 exspectet
1360 1330 1379 1370 a

204 1397 377 1480 litigatore,
410 1396 465 1460 sed
493 1398 650 1480 'pleraque
684 1417 722 1459 ex
761 1400 921 1461 vetustate
954 1396 1124 1480 diligenter
1157 1396 1218 1460 sibi
1248 1396 1379 1480 cognite

206 1488 326 1568 sumat,
353 1485 414 1548 hoc
442 1485 640 1569 potentiora,
669 1484 754 1568 quod
782 1507 821 1550 ea
849 1486 918 1550 sola
946 1484 1132 1550 criminibus
1157 1483 1221 1548 odii
1251 1488 1284 1548 et
1306 1505 1380 1569 gra-

205 1575 269 1638 tiae
292 1576 419 1638 vacant.
481 1619 484 1626 »

162 1677 195 1727 35
294 1663 325 1725 A
347 1662 616 1746 philosophorum
639 1681 715 1725 vero
739 1662 877 1726 lectione
900 1665 937 1725 ut
960 1662 1184 1725 essentmulta
1206 1661 1301 1725 nohis
1324 1683 1379 1745 pc·

204 1752 317 1834 tenda,
340 1751 419 1815 vitio
442 1751 566 1814 factum
589 1754 638 1814 est
661 1751 835 1833 oratorum,
859 1751 914 1834 qui
937 1750 1067 1834 quidem
1094 1750 1158 1814 illis
1182 1751 1305 1833 optime
1329 1749 1379 1812 sui

206 1841 311 1922 operis
343 1845 434 1921 parte
468 1842 640 1903 cesserunt.
686 1860 763 1902 num
796 1843 828 1902 et
860 1840 899 1902 de
922 1840 1025 1923 iustis,
1058 1838 1213 1922 honestis,
1245 1837 1378 1902 utilibus

205 2012 303 2076 duan,
321 2012 382 2064 dass
401 2012 449 2063 des
462 2011 628 2063 docereeine
645 2011 694 2062 der
706 2009 764 2062 drei
819 2011 883 2062 cher
912 2013 964 2064 deu
993 2013 1068 2064 seiae
1101 2013 1190 2065 Sscbe
1225 2011 1378 2064 fdhrenden

205 2079 349 2145 Aufgaben
367 2082 412 2130 des
426 2079 548 2130 Redners
564 2079 721 2140 sttsmscht3
741 2095 762 2130 s.
818 2079 929 2130 Redner
948 2081 1013 2131 iiber
1032 2081 1099 2132 alles
1121 2080 1203 2132 dahin
1222 2080 1379 2146 gehdrende

207 2163 234 2201 u.
254 2163 288 2198 zu
308 2152 331 2208 ἕ.
350 2151 392 2200 44.
411 2147 421 2214 ll
438 2147 563 2214 speciem]
584 2169 618 2192 =
635 2145 764 2213 splendo-
818 2147 970 2198 instruiren
990 2164 1070 2200 muss.
1095 2149 1105 2215 ss
1130 2151 1177 2200 sed
1194 2151 1327 2216 pleraque
1345 2166 1379 2199 ex

204 2233 276 2276 rern3
301 2213 349 2266 der
370 2213 486 2266 Richter
503 2215 579 2280 srsgt
601 2213 675 2265 nicht
694 2213 764 2264 nach
819 2223 958 2267 uetustate
976 2216 1124 2281 diligenter
1142 2217 1194 2266 sibi
1207 2219 1317 2280 counita
1331 2231 1378 2266 su·

206 2281 358 2334 Schdnheit
374 2280 416 2332 bei
429 2281 478 2334 der
492 2282 626 2345 narratio,
644 2280 764 2333 sondern
819 2290 877 2333 mut
895 2322 902 2335 .
920 2323 926 2335 .
941 2280 963 2350 .]
983 2300 1034 2334 zur
1052 2282 1241 2349 Erliuterung
1255 2282 1333 2334 dicut
1346 2281 1378 2344 V,

206 2366 257 2400 nur
280 2348 350 2400 nach
373 2348 526 2413 Wahrheit,
548 2348 784 2416 Glaubwtrdig
819 2353 859 2414 11,
889 2354 935 2402 36:
960 2350 1132 2402 adhibebitur
1157 2349 1325 2402 extrinsecus
1348 2349 1378 2401 in

205 2417 262 2468 keit
274 2416 372 2534 plides).
384 2415 396 2484 Ι]
409 2417 610 2534 σοφοιιίιίοηὶἸΙ
622 2417 764 2483 derjenige
819 2433 926 2469 causam
948 2424 977 2470 et
995 2419 1164 2482 auctoritas,
1183 2435 1238 2470 was
1257 2418 1293 2468 im
1313 2418 1381 2469 Fol—

204 2484 274 2535 Thei
298 2483 346 2534 der
358 2484 442 2550 Rede,
453 2483 501 2535 der
513 2485 590 2550 gcwd
613 2485 684 2536 nlich
701 2502 762 2537 nar·
819 2484 926 2550 genden
944 2486 1048 2537 erkldrt
1067 2485 1136 2538 wird
1154 2485 1240 2536 durch
1261 2485 1306 2536 die
1325 2485 1378 2536 Be·

204 2551 277 2604 ratio
296 2559 421 2618 genennt
438 2550 516 2614 wird.
818 2553 963 2618 merkuug:
988 2554 1011 2604 si
1034 2553 1098 2621 quid
1123 2553 1162 2605 its
1182 2553 1266 2604 visum
1286 2552 1380 2618 genti·

817 2619 878 2686 bus,
898 2620 1017 2688 populis,
1034 2619 1203 2688 sapientibus
1224 2619 1301 2684 viris,
1320 2620 1378 2672 cla-

817 2687 856 2742 ris
869 2688 980 2748 civibus,
1000 2688 1153 2739 illustribus
1166 2686 1263 2756 poetis,
1281 2688 1377 2738 referri

817 2763 917 2821 potest.
950 2772 982 2806 ne
1000 2754 1067 2806 haec
1085 2754 1194 2822 quidem
1207 2755 1289 2822 vulgo
1303 2755 1379 2807 dicta

817 2830 846 2873 et
863 2829 974 2890 recepta
986 2823 1164 2890 persuasione
1180 2823 1308 2891 populari
1321 2823 1380 2875 sine

818 2906 867 2941 usu
887 2889 998 2942 fuerint.
1034 2891 1193 2942 testimonia
1214 2899 1281 2943 sunt
1306 2892 1378 2942 enim

819 2955 1033 3024 quodammodo,
1052 2958 1095 3009 vel
1134 2958 1272 3012 utentiora
1283 2960 1378 3020 etiam,

818 3023 892 3091 quod
912 3041 965 3077 non
984 3027 1072 3078 causis
1090 2976 1307 3092 adcommodata,
1330 3025 1378 3077 sed

819 3091 910 3144 liberis
930 3094 993 3144 odio
1012 3100 1040 3144 et
1057 3096 1153 3158 pratia
1171 3092 1305 3146 mentibus
1316 3093 1378 3145 idco

819 3159 1377 3229 tantumdictufactsque,quiauuthone-

818 3226 935 3280 stissinra
954 3235 1002 3279 aut
1019 3228 1159 3282 verissima
1173 3228 1346 3282 videbantur.

852 3301 893 3348 35.
912 3297 960 3363 qui
978 3298 1088 3363 quidem
1102 3342 1108 3355 ,
1123 3337 1130 3350 .
1147 3337 1153 3349 .
1167 3298 1319 3364 cesserunt]
1334 3296 1379 3348 die

819 3363 930 3415 Redner
961 3364 1046 3416 haben
1074 3366 1159 3432 jenen
1195 3365 1246 3416 den
1281 3366 1376 3417 besten

818 3431 899 3482 Theil
925 3431 998 3482 ihres
1026 3433 1171 3484 Geschiilts
1198 3433 1299 3500 (operis
1324 3433 1377 3498 sui)

819 3499 885 3550 oder
903 3498 977 3549 ihrer
991 3499 1116 3564 Aufgabe
1129 3498 1296 3562 dborlsssen,
1314 3499 1339 3548 d,
1359 3498 1376 3554 i,

819 3565 889 3616 nsch
915 3564 938 3630 1,
952 3581 1072 3632 prooem.
1087 3569 1118 3617 10
1131 3565 1264 3617 rationem
1283 3573 1377 3616 rectae

818 3633 1001 3698 honestaeque
1027 3631 1113 3691 vitae,
1142 3633 1243 3683 welche
1268 3632 1296 3682 in
1322 3631 1375 3682 den

817 3698 956 3750 Schriften
975 3699 1024 3750 der
1034 3699 1216 3768 Philosophen
1229 3697 1377 3751 behandelt

817 3765 895 3817 wird.
945 3765 1035 3817 Allein
1067 3774 1138 3819 ‘cunr
1168 3767 1211 3819 vir
1240 3766 1285 3818 ille
1315 3783 1376 3818 vere

816 3833 902 3885 civilis
920 3841 948 3885 et
966 3834 1135 3901 publicarum
1152 3835 1375 3902 privatarumque

816 3901 1377 3967 rerumadministrationiaccommodatus,

818 3968 864 4038 qui
887 3986 980 4035 regere
1004 3971 1123 4026 consiliis
1147 3971 1236 4034 urbes,
1260 3969 1376 4021 fundare

819 4037 934 4102 legibus,
965 4038 1108 4090 emendare
1136 4036 1244 4089 iudiciis
1277 4035 1373 4106 possit,

240 4107 282 4157 34.
305 4103 443 4173 historiis]
462 4121 558 4172 wegen
581 4105 626 4156 des
645 4104 764 4157 Pluralis
820 4121 873 4156 non
901 4104 971 4155 alius
995 4105 1031 4156 sit
1054 4104 1190 4173 profecto,
1215 4122 1294 4173 quam
1313 4122 1375 4157 ora·

205 4189 226 4224 s.
245 4186 279 4221 zu
298 4175 321 4230 §.
337 4177 378 4225 75.
393 4173 402 4238 ΙΙ
415 4189 471 4224 non
485 4177 522 4223 ud
554 4180 706 4225 raesentern
719 4217 724 4228 .
737 4212 763 4226 ..
820 4179 887 4238 tor’,
908 4190 938 4224 so
958 4171 1014 4223 hilt
1033 4173 1067 4235 Q.
1091 4191 1117 4223 es
1136 4172 1181 4224 sfir
1199 4173 1279 4225 einen
1296 4171 1379 4224 Tbeil

207 4238 307 4305 locum]
329 4237 417 4290 indem
440 4257 467 4291 es
489 4192 551 4292 siciJ
571 4241 630 4292 hier
649 4256 763 4291 nurum
819 4240 867 4292 der
892 4240 1016 4306 Aufgsbe
1040 4241 1085 4291 des
1107 4238 1225 4292 Lehrers
1252 4241 1299 4292 der
1322 4240 1374 4290 Be·

207 4308 259 4359 den
283 4305 391 4358 Nutzen
414 4306 500 4359 dieser
522 4307 640 4360 hectfire
660 4308 706 4359 rur
723 4307 765 4358 die
818 4307 1006 4374 redtscmlreit,
1025 4307 1095 4359 such
1113 4307 1157 4358 die
1175 4325 1228 4358 von
1246 4307 1298 4358 den
1311 4307 1376 4358 Phi·

206 4373 325 4427 elocutio
344 4373 465 4426 hendelt.
479 4375 489 4441 ΙΙ
502 4394 519 4426 o
533 4377 685 4442 litipatore]
701 4375 764 4426 wel·
818 4375 950 4444 losophen
967 4375 1148 4428 behandelten
1161 4374 1311 4440 Tugenden
1327 4374 1380 4425 mit

238 2659 280 2708 33.
300 2652 426 2722 ideoque]
447 2653 548 2706 andere
562 2654 674 2708 Lesart:
696 2655 764 2707 adde

205 2722 286 2791 quod,
310 2722 370 2773 eine
392 2739 446 2774 von
476 2722 572 2784 Quint.
599 2723 641 2775 oft
668 2725 705 2787 (z.
732 2723 762 2774 Β.

205 2796 231 2853 2,
256 2795 296 2842 10.
322 2795 362 2846 11.
386 2791 445 2852 12.)
468 2791 636 2856 gebrauchte
659 2791 763 2842 Ueber-

205 2856 641 2989 ttf'gtltm‘hltht‘lml
661 2863 762 2976 ‘tii

205 2961 294 3042 fertur
324 2942 353 3042 el
380 2930 413 3042 de
442 2942 764 3042 bididisesrebhbcldabll

206 3057 286 3109 etium
307 3058 424 3125 quodem
442 3059 522 3109 modo
541 3060 677 3110 bellicum:
696 3058 761 3110 ibid.

206 3130 248 3190 19,
278 3130 323 3176 62:
355 3124 546 3193 Xenophontis
572 3143 641 3177 voce
659 3125 763 3178 Musas

206 3192 285 3261 quasi
311 3195 418 3245 locutos
448 3194 550 3249 ierunt.
587 3193 647 3260 Vgl.
678 3196 701 3256 ἕ.
730 3198 763 3246 73

207 3260 262 3312 und
286 3264 329 3316 82.
353 3259 363 3328 ΙΙ
387 3261 488 3329 nitore]
506 3277 529 3315 s.
549 3277 584 3314 zu
607 3269 632 3326 ἕ.
657 3265 672 3313 9
696 3259 764 3313 iiber

206 3328 317 3383 nitidus.
336 3328 346 3395 ΙΙ
363 3347 419 3381 non
438 3331 609 3382 athletarum
627 3329 696 3380 toris
715 3333 763 3381 sed

205 3399 324 3447 militurn
354 3397 477 3463 lacertis]
507 3415 605 3449 wovon
631 3396 693 3448 sind
720 3396 764 3448 die

206 3463 286 3513 einen
306 3463 359 3513 wie
371 3462 414 3516 die
427 3464 531 3514 andern
545 3463 604 3515 hier
622 3463 666 3514 ein
681 3464 764 3515 Bild?

207 3528 342 3580 Aehnlich
370 3527 477 3580 werden
504 3534 528 3593 §.
557 3535 588 3582 77
616 3548 679 3582 cero
707 3531 762 3581 und

206 3595 302 3648 lacerti
321 3595 453 3647 einander
476 3605 727 3662 entgegengesetzt.
749 3597 760 3663 ll

204 3661 374 3728 Demetrius]
394 3681 415 3716 s.
433 3667 458 3727 ς.
471 3668 513 3716 80.
528 3663 538 3729 ΙΙ
552 3665 707 3731 dicebatur]
727 3680 762 3715 zu

204 3731 293 3784 seiner
316 3730 391 3795 Zeit,
414 3746 467 3782 von
486 3731 580 3783 seinen
600 3731 761 3798 Zeitgenos-

204 3809 261 3851 sen.
279 3797 494 3865 ”versicolorem
514 3839 519 3850 .
539 3839 545 3850 .
565 3843 571 3854 .
590 3799 700 3866 uestem]
725 3799 761 3850 cf.

204 3867 282 3931 VIII,
313 3883 432 3933 prooem.
464 3871 509 3918 20=
538 3865 708 3918 translucida
734 3875 763 3918 et

205 3934 353 3986 versicolor
365 3933 535 4002 quorundum
556 3933 682 3985 elocutio.
696 3934 706 4001 ΙΙ
718 3937 763 4000 sn-

205 4002 276 4069 cere]
290 4003 360 4053 auch
374 4002 462 4054 secere
474 4001 503 4053 in
517 4001 630 4070 aliquid,
648 4007 673 4067 5,
688 4008 728 4054 11.
