3028 4882
566 302 685 356 CAPUT
704 302 725 370 l,
740 309 853 357 49—52.
1254 303 1295 366 19

130 485 190 548 qne
218 464 324 548 operis
353 465 402 528 sui
431 465 582 550 ingressu
609 465 644 528 in
666 464 869 549 paucissimis
892 465 1037 530 versibus
1059 466 1164 550 legem
1186 487 1299 549 prooe-

129 553 266 616 miorum
296 575 365 617 non
397 551 468 617 dico
502 553 649 637 servavit,
682 553 738 617 sed
771 553 960 618 constituit?
996 574 1073 617 nam
1108 554 1299 619 benevolum

128 640 307 706 auditorem
330 639 534 706 invocatione
558 641 698 724 dearum,
722 663 801 724 quas
815 641 996 725 praesidere
1009 642 1138 706 vatibus
1152 642 1299 726 creditur,

128 733 160 793 et
186 729 350 793 intentum
377 730 545 814 proposita
572 752 679 794 rerum
707 730 929 814 magnitudine
960 732 992 794 ct
1015 730 1151 794 docilem
1174 752 1299 794 summa

129 817 273 882 celeriter
310 839 500 901 comprensa
536 818 623 888 facit.
668 839 800 882 narrare
828 840 904 883 vero
938 819 1008 902 quis
1041 819 1169 882 brevius
1203 840 1298 902 quam

129 906 182 988 qui
210 909 348 970 mortem
374 907 504 971 nuntiat
530 906 685 991 Patrocli,
713 907 785 991 quis
809 907 1044 991 significantius
1071 909 1180 990 potest
1203 917 1340 991 quam49

129 994 184 1078 qui
215 991 370 1058 Curetum
401 994 654 1079 Aetolorumque
684 995 844 1079 proelium
872 995 1026 1079 exponit?
1058 996 1123 1059 iam
1151 995 1298 1059 similitu-

129 1082 229 1166 dines,
252 1083 527 1167 amplificationes,
550 1084 709 1167 exempla,
736 1084 908 1168 digressus,
931 1084 1025 1168 signa
1037 1106 1144 1148 rerum
1159 1086 1191 1147 et
1205 1105 1298 1169 argu-

127 1173 237 1234 menta
260 1174 428 1260 ceteraque
452 1192 571 1256 genera
593 1171 752 1256 probandi
775 1195 812 1236 ac
834 1171 998 1236 refutandi
1021 1176 1097 1236 sunt
1119 1173 1165 1236 ita
1188 1173 1298 1256 multa,

128 1261 164 1322 ut
200 1259 299 1323 etiam
336 1260 391 1344 qui
428 1259 466 1323 de
504 1260 627 1324 artibus
661 1260 859 1344 seripserunt
890 1262 1028 1345 plurima
1060 1283 1169 1326 earum
1191 1283 1298 1325 rerum

127 1347 313 1412 testimonia
341 1348 382 1412 ab
410 1349 472 1412 hoc
498 1351 596 1432 poeta
623 1350 746 1432 petant.
791 1371 867 1413 nam
896 1350 1041 1434 epilogus
1070 1351 1198 1434 quidem
1227 1349 1297 1433 quis
1308 1365 1341 1413 50

127 1457 279 1519 umquam
302 1436 422 1518 poterit
443 1436 507 1500 illis
520 1436 641 1500 Priami
654 1437 801 1521 rogantis
816 1435 966 1502 Achillen
979 1438 1127 1520 precibus
1143 1437 1297 1523 aequari?

127 1523 226 1608 quid?
262 1523 297 1587 in
322 1525 442 1608 verbis,
471 1525 653 1608 sententiis,
680 1525 805 1609 figuris,
829 1525 1039 1609 dispositione
1068 1527 1169 1592 totius
1193 1527 1298 1611 operis

126 1633 234 1676 nonne
257 1611 392 1676 humani
414 1613 537 1697 ingenii
560 1614 693 1678 modum
717 1613 862 1678 excedit?
906 1618 944 1678 ut
966 1616 1077 1698 magni
1098 1616 1141 1679 sit
1163 1617 1298 1679 virtutes

127 1700 194 1763 eius
227 1721 295 1763 non
327 1702 550 1784 aemulatione,
583 1701 668 1785 quod
700 1701 770 1764 fieri
801 1724 869 1766 non
900 1707 1017 1787 potest,
1050 1703 1105 1766 sed
1132 1704 1298 1767 intellectu

128 1788 226 1870 sequi.
271 1809 384 1852 verum
410 1789 463 1852 hic
492 1789 594 1854 omnis
623 1789 691 1852 sine
719 1789 817 1855 dubio
847 1793 878 1853 et
906 1792 941 1854 in
970 1791 1058 1855 omni
1086 1811 1203 1876 genera
1234 1792 1297 1854 elo·
1315 1810 1347 1858 51

127 1876 277 1959 quentiae
300 1877 412 1960 procul
437 1899 455 1939 a
479 1898 512 1940 se
535 1877 674 1961 reliquit,
697 1879 803 1960 epicos
826 1882 936 1942 tamen
949 1879 1128 1963 praecipue,
1150 1879 1298 1943 videlicet

127 1965 203 2048 quia
226 1964 404 2028 clarissima
425 1965 461 2028 in
484 1967 619 2030 materia
642 1966 739 2029 simili
762 1968 959 2050 comparatio
988 1971 1044 2031 est.
1090 1989 1163 2032 raro
1188 1969 1297 2032 adsur-
1318 1984 1351 2032 52

127 2053 176 2136 git
198 2051 393 2116 Hesiodus
417 2074 597 2137 magnaque
619 2076 695 2138 pars
719 2055 786 2119 eius
809 2057 843 2118 in
860 2056 1045 2120 nominibus
1069 2060 1118 2120 est
1133 2059 1296 2140 occupata,
1392 2109 1395 2111 .

126 2276 216 2328 gange
234 2278 268 2312 zu
285 2268 369 2314 etwas
387 2261 593 2329 Wichtigerem.
625 2262 686 2329 Vgl.

127 2345 177 2394 age
190 2345 302 2395 quaeso,
314 2328 439 2382 Honsat.
453 2334 475 2392 1,
488 2334 576 2395 10,ol.
590 2330 600 2396 ΙΙ
612 2331 685 2382 utri-

126 2413 214 2462 usque
230 2398 321 2462 operie
339 2395 485 2465 inpressu]
505 2415 525 2450 a.
544 2396 641 2453 Horat.
660 2415 685 2448 a.

127 2480 153 2530 p.
179 2463 274 2517 140ff.
310 2462 320 2529 ΙΙ
350 2480 415 2514 nam
433 2465 591 2515 benevolum
609 2502 616 2516 .
635 2503 640 2516 .
662 2463 683 2532 ]

127 2528 198 2580 nach
220 2529 268 2592 IV,
294 2535 317 2592 1,
342 2535 369 2582 5:
393 2547 474 2582 causa
518 2530 629 2599 rincipii
647 2532 685 2594 (d.

126 2596 144 2652 i.
162 2595 280 2662 exordii,
299 2595 441 2664 prooemii)
462 2549 538 2650 nulla
560 2607 602 2650 est
620 2598 685 2663 alia,

13 2661 19 2672 ⁴
127 2680 207 2731 quam
231 2671 262 2715 ut
285 2663 452 2732 auditorem,
475 2682 528 2734 quo
550 2666 588 2717 sit
607 2664 684 2718 uobis

125 2729 155 2781 in
179 2732 276 2784 ceteris
299 2732 424 2800 partibus
447 2732 685 2798 accommodatior,

22 2829 25 2834 ·
125 2815 329 2866 praeparemus.
349 2799 375 2850 id
388 2799 451 2851 fieri
466 2801 553 2852 tribus
572 2800 685 2852 maxime

125 2865 206 2919 rebus
228 2866 301 2918 inter
320 2875 446 2920 auctores
469 2867 599 2936 plurimos
618 2885 684 2920 con·

125 2937 193 2999 stat,
214 2931 237 2984 ai
261 2935 427 3000 benivolum,
445 2943 591 2998 attentum,
610 2937 685 2988 doci-

125 3002 176 3052 lem
195 2999 345 3055 fecerimus.
365 3001 374 3066 ΙΙ
393 3003 515 3069 vatidus]
538 3003 586 3054 der
603 3003 683 3054 seier-

125 3066 226 3118 lichere
244 3067 302 3118 und
320 3067 459 3135 poetieche
477 3069 621 3123 Ausdruck
640 3071 685 3122 sir

126 3141 215 3202 poeta.
251 3135 318 3187 Tae.
347 3135 412 3188 dial.
442 3141 466 3203 9,
496 3141 525 3188 3ι
562 3134 682 3190 Saleium

126 3208 262 3263 nostrum,
286 3203 425 3269 egregium
446 3213 555 3272 poetam
578 3204 632 3268 vel,
660 3204 683 3256 si

126 3269 178 3320 hoc
199 3268 425 3322 honorificentius
447 3280 496 3334 est,
522 3271 682 3337 praeclaris-

124 3335 415 3458 dilducndnitiirediiousss
443 3337 603 3458 liidliirh
617 3339 683 3459 [ligr

125 3469 156 3527 Ζ,
169 3473 193 3534 §.
207 3474 266 3535 607,
286 3472 365 3525 Anm.
386 3472 419 3524 cf.
439 3477 465 3539 4,
485 3479 509 3525 1.
522 3473 532 3540 ΙΙ
545 3471 680 3542 celeriter]

125 3561 159 3581 =
175 3537 302 3598 breviter.

157 3609 200 3657 49.
218 3606 266 3672 qui
285 3646 291 3658 .
311 3645 317 3656 .
336 3645 342 3658 .
361 3606 489 3676 nuntiat]
520 3608 683 3662 Antilochus

124 3671 160 3726 Jl.
181 3675 222 3738 18,
243 3676 274 3726 18
287 3674 316 3726 ff.
338 3674 348 3740 ΙΙ
361 3676 492 3728 Curetum
511 3679 683 3731 Aetolorum·

123 3755 176 3806 que
194 3742 329 3807 proelium
352 3741 473 3806 Phdnix3
493 3743 530 3800 Jl,
547 3750 571 3804 9,
589 3751 647 3798 529.

123 3808 667 3942 attelanensistet‘su

124 3945 182 3992 111.
200 3940 211 4006 ΙΙ
229 3893 470 4012 amplificationes]
492 3945 681 3998 Erweiternn-

123 4024 177 4074 gen
200 4007 248 4059 der
271 4008 448 4078 Vorstellung
469 4011 553 4063 durch
572 4014 680 4081 Steige-

124 4091 197 4142 rung
215 4075 280 4127 oder
298 4077 432 4144 Hiufung
448 4078 495 4132 dea
516 4080 680 4134 Ausdrucks.

125 4142 258 4210 Beispiele
284 4144 359 4210 giebt
386 4145 482 4208 Quint,
511 4147 585 4214 VlIl,
612 4152 637 4214 4,
666 4156 681 4202 3

123 4210 154 4262 ff.
176 4210 186 4277 l}
208 4213 362 4279 diqreaaua]
381 4213 528 4282 Epiaoden.
558 4214 569 4296 [l
598 4217 681 4282 siqua

123 4278 227 4345 rerum]
257 4279 395 4332 sechliche
424 4281 628 4349 Beweismntel,
657 4300 680 4342 z,

124 4345 156 4396 B.
182 4354 296 4399 cruenta
319 4348 414 4412 vestis,
440 4349 542 4402 clamor
565 4351 680 4412 (Anaei-

122 4411 217 4480 ehen)‚
239 4415 413 4468 verschieden
439 4434 490 4469 von
518 4417 569 4469 den
593 4418 679 4472 ratio·

742 2264 823 2317 nalen
836 2265 986 2330 Beweiaen‚
1000 2264 1176 2332 argumentis,
1194 2264 1298 2317 welche

741 2333 792 2384 auf
806 2332 1100 2400 Schlussfolgernngeu
1118 2332 1252 2396 beruhen3
1276 2350 1297 2384 s.

742 2399 821 2466 V,10,
837 2406 877 2452 11:
893 2418 952 2453 cum
969 2401 1006 2453 sit
1022 2407 1212 2468 argumentum
1225 2400 1297 2452 ratio

740 2467 929 2534 probationem
950 2475 1101 2536 praestans,
1119 2485 1173 2537 qua
1191 2466 1297 2534 colligi-

740 2543 787 2586 tur
805 2534 908 2602 aliquid
927 2552 976 2603 per
995 2535 1077 2596 aliud,
1098 2544 1126 2587 et
1163 2552 1213 2587 uae
1225 2534 1297 2603 quod

739 2608 782 2653 est
803 2601 914 2653 dubium
941 2619 991 2670 per
1020 2602 1062 2668 id,
1089 2553 1162 2670 qnod
1184 2602 1296 2654 dubium

740 2686 795 2720 nen
830 2675 884 2727 cat.
924 2670 1078 2722 confirmat.
1140 2669 1296 2732 Quintilian

740 2736 830 2788 uracht
859 2735 899 2788 als
928 2737 1109 2789 Uuterschied
1141 2737 1189 2788 der
1218 2736 1297 2803 signa

739 2821 793 2856 von
816 2803 868 2854 den
892 2803 1060 2871 argumentis
1078 2803 1243 2856 bemerklich
1263 2803 1296 2869 V,

738 2877 762 2936 9,
789 2875 816 2923 1:
840 2888 889 2923 nec
912 2871 1093 2924 inveniuntur
1120 2872 1153 2924 ab
1176 2881 1295 2937 oratore,

738 2937 786 2990 sed
809 2938 842 2990 ad
865 2956 924 2991 eum
949 2956 1009 2991 eum
1036 2939 1097 3008 ipsa
1115 2956 1195 2992 causa
1222 2939 1296 2990 defe-

739 3013 853 3070 runtur;
866 3006 1129 3074 ferner:signa,sire
1141 3007 1297 3059 indubitata

739 3081 812 3136 aunt,
827 3091 881 3125 non
893 3081 959 3128 aunt
971 3083 1147 3140 argumenta,
1162 3074 1238 3143 quia,
1251 3073 1297 3126 ubi

737 3141 787 3194 illa
808 3148 888 3206 sunt,
913 3142 1035 3210 quaestio
1060 3150 1190 3207 nonest,
1213 3159 1296 3208 argu·

739 3216 829 3260 mento
849 3217 940 3261 autem
966 3209 1020 3262 nisi
1037 3209 1066 3260 in
1085 3227 1115 3260 re
1138 3216 1297 3262 controver-

737 3293 767 3328 sa
785 3275 862 3328 locus
879 3293 1002 3328 essenon
1015 3283 1120 3344 potest:
1137 3276 1194 3328 aive
1203 3277 1296 3340 dubia,

739 3359 793 3394 non
812 3351 878 3394 sunt
890 3350 1061 3412 argumenta,
1079 3342 1126 3396 aed
1140 3343 1200 3412 ipsa
1213 3361 1295 3411 argu·

737 3409 834 3462 mentis
852 3419 943 3477 egent.

773 3481 815 3530 50.
835 3477 912 3545 nam]
931 3496 953 3531 a.
972 3495 1006 3530 au
1026 3481 1052 3543 5.
1074 3483 1114 3533 12.
1131 3479 1140 3544 l
1158 3477 1295 3548 epilcqus]

738 3544 765 3595 in
779 3543 827 3596 der
836 3545 911 3596 Rede
922 3569 956 3589 =
969 3547 1114 3614 peroratio.
1128 3547 1138 3614 ΙΙ
1151 3547 1275 3602 Priami.
1288 3587 1294 3598 .

736 3612 875 3679 precibus]
900 3613 935 3669 Jl.
962 3619 1004 3674 24,
1027 3617 1077 3666 486
1095 3613 1124 3670 ff.
1154 3614 1164 3681 ΙΙ
1188 3613 1294 3681 mupni]

737 3686 827 3746 genet.
854 3680 950 3748 pretii:
973 3681 1037 3734 ‘viel
1060 3682 1167 3734 werth’.
1206 3681 1296 3748 [Oder

736 3746 853 3827 ingenii,
875 3765 922 3800 aus
956 3749 1014 3802 dem
1045 3747 1295 3816 Vorhergehenden

737 3813 997 3961 zubleigiliazdiisima
1025 3925 1032 3938 .
1053 3923 1058 3935 .
1078 3922 1085 3935 .
1111 3881 1293 3952 comparatio]

735 3949 775 4001 sie
799 3949 866 4002 least
890 3953 938 4004 das
957 3949 1126 4004 Verhiltnias
1149 3967 1191 4002 am
1215 3950 1295 4003 deut-

736 4016 852 4069 lichaten
871 4020 1018 4071 erkenn'en.

769 4087 810 4136 δι.
830 4085 971 4153 adsurgit]
985 4087 1020 4142 cf.
1031 4089 1055 4150 s.
1069 4091 1115 4140 96:
1134 4085 1259 4153 insurgit.
1281 4087 1292 4154 ll

736 4143 900 4222 Hesioduss
919 4170 967 4206 aus
991 4154 1079 4207 Askra
1105 4154 1134 4206 in
1163 4154 1293 4210 Boeotien

737 4235 781 4270 um
819 4223 869 4272 800
906 4239 932 4276 v.
970 4221 1012 4288 0.,
1051 4221 1192 4274 Verfasser
1220 4221 1294 4274 eines

735 4286 1046 4342 ethisch·didaktischen
1068 4289 1200 4344 Gedichts
1223 4307 1248 4341 n.
1267 4290 1294 4345 d.

735 4353 784 4407 T.:
805 4349 874 4421 ἔργα
891 4355 940 4410 aul
959 4353 1072 4425 ἡμέραι.
1110 4359 1152 4410 Zu
1170 4358 1218 4410 der
1235 4356 1293 4422 epi-

734 4421 817 4472 schen
837 4423 966 4492 Gattung
982 4426 1080 4493 gehdrt
1098 4427 1141 4478 die
1162 4425 1217 4478 ihm
1237 4425 1293 4476 bei-

1082 4515 1120 4566 2*
