3028 4882
210 254 253 318 10
645 249 764 305 CAPUT
783 251 804 317 1,
824 255 936 304 ao-aa

208 419 316 480 tamus
347 418 455 478 autem
487 417 520 477 et
550 414 761 484 retractemus
794 414 835 496 et,
867 414 904 475 ut
936 399 1026 476 cibos
1056 433 1187 474 mansos
1218 433 1255 476 ac
1278 433 1382 494 prope

208 504 399 588 liquefactos
424 501 631 584 demittimus,
654 523 717 585 quc
741 499 879 564 facilius*
892 499 1088 584 digerantur,
1118 499 1165 562 ita
1191 499 1288 564 lectio
1312 522 1382 564 non

209 591 315 674 cruda,
339 590 395 655 sed
417 591 520 654 multa
541 589 714 654 iteratione
737 588 864 652 mollita
887 592 920 652 et
941 588 1030 652 velut
1046 588 1192 652 confecta
1206 589 1382 653 memoriae

208 680 446 763 imitationique
470 676 627 742 tradatur.
672 732 676 740 .

160 781 198 828 ⁴20
296 769 345 832 Ac
378 768 433 831 diu
463 767 592 831 nonnisi
624 765 768 850 optimus
801 765 935 850 quisque
969 767 1001 828 et
1034 765 1089 848 qui
1112 764 1293 830 credentem
1317 766 1382 830 sibi

207 858 339 921 minime
366 856 461 920 fallat
487 855 643 940 legendus
671 858 734 937 est,
761 854 816 918 sed
844 853 1014 938 diligenter
1042 875 1080 916 ac
1107 875 1209 936 paene
1238 853 1278 916 ad
1302 855 1380 919 scri-

207 947 304 1009 bendi
332 943 594 1026 sollicitudinem,
621 965 681 1007 nec
709 963 767 1025 per
794 946 902 1026 partes
934 942 1029 1006 modo
1059 942 1233 1005 scrutanda
1261 944 1381 1028 omnia,

208 1034 263 1097 sed
285 1035 445 1117 perlectus
468 1032 552 1096 liber
573 1032 685 1115 utique
709 1053 748 1094 ex
761 1031 888 1116 integro
903 1030 1122 1114 resumendus,
1144 1030 1380 1114 praecipueque

143 1164 145 1170 ·
208 1123 322 1205 oratic,
344 1121 435 1184 cuius
458 1121 593 1186 virtutes
616 1120 800 1204 frequenter
824 1141 862 1182 ex
885 1119 1044 1183 industria
1067 1139 1194 1203 quoque
1218 1119 1380 1184 occultan-

159 1214 269 1274 artur.
315 1231 411 1292 saepe
425 1208 511 1273 enirn
525 1212 707 1292 praeperat,
730 1208 921 1291 dissimulat,
944 1207 1115 1271 insidiatur
1137 1210 1255 1291 orator,
1279 1230 1380 1293 eaque

207 1299 242 1362 in
264 1299 370 1382 prima
396 1302 488 1381 parte
517 1298 653 1361 actionis
677 1296 764 1381 dicit,
787 1319 868 1380 quae
892 1297 1024 1360 suntin
1051 1317 1176 1360 summa
1198 1297 1380 1379 profutura.

206 1388 315 1471 itaque
344 1409 402 1451 suo
429 1387 501 1450 lccc
529 1387 636 1449 minus
663 1386 800 1470 placent,
828 1385 932 1449 adhuc
959 1385 1055 1448 nobis
1079 1406 1177 1470 quare
1205 1384 1381 1450 dictasint

160 1475 442 1560 aeignorantibus,
464 1475 599 1558 ideoque
624 1478 718 1538 erunt
741 1474 879 1558 cognitis
895 1474 1044 1538 omnibus
1068 1473 1251 1556 repetenda.
1296 1475 1377 1538 illud

205 1586 281 1629 vero
296 1563 513 1647 utilissimum,
535 1583 633 1626 nosse
652 1584 706 1647 eas
726 1584 849 1645 causae,
868 1583 1005 1647 quarum
1025 1562 1188 1627 orationes
1206 1562 1242 1625 in
1261 1585 1376 1627 manus

205 1653 426 1734 sumserimusi,
459 1655 492 1716 et
524 1652 672 1736 quotiens
702 1651 883 1735 continget,
915 1651 1075 1734 utrimque
1109 1650 1239 1714 habitas
1271 1652 1377 1736 legere

205 1743 361 1805 actiones:
389 1744 426 1805 ut
452 1739 682 1805 Demosthenis
712 1744 744 1803 et
766 1739 937 1804 Aeschinis
960 1740 1045 1802 inter
1073 1761 1107 1802 se
1132 1739 1320 1822 contrarias,
1344 1743 1377 1804 et

205 1828 308 1894 Servii
331 1828 464 1914 Sulpicii
488 1833 584 1914 atque
598 1828 766 1911 Messalae,
782 1850 918 1912 quorum
933 1829 1014 1891 alter
1028 1849 1087 1910 pro
1102 1826 1238 1910 Aufidia,
1262 1832 1376 1892 contra

204 1918 286 1981 dixit
313 1919 406 1999 alter,
434 1922 467 1982 et
488 1917 646 1982 Pollionis
670 1921 702 1980 et
725 1915 831 1980 Cassii
853 1939 908 1979 reo
933 1916 1114 1998 Asprenate
1140 1915 1283 1998 aliasque
1306 1919 1377 1999 plu-

73 2079 76 2084 ·
159 2006 312 2076 23rimas.
358 2007 435 2090 quin
464 2005 562 2068 etiam
590 2005 617 2068 si
640 2005 746 2067 minus
770 2025 865 2086 pares
888 2004 1083 2070 videbuntur
1102 2003 1237 2086 aliquae,
1264 2007 1376 2068 tamen

204 2093 244 2157 ad
281 2093 539 2178 cognoscendam
565 2093 680 2178 litium
717 2092 939 2174 quaestionem
975 2094 1062 2154 recte
1093 2091 1304 2175 requirentur,
1340 2097 1378 2156 ut

204 2187 316 2247 contra
339 2181 502 2247 Ciceronis
526 2182 688 2245 orationes
711 2179 890 2244 Tuberonis
913 2180 948 2243 in
970 2177 1135 2263 Ligarium
1159 2182 1192 2241 et
1209 2177 1379 2245 Hortensii

203 2339 268 2390 rani
283 2339 351 2389 wird
370 2337 428 2389 sich
446 2337 532 2388 dieses
555 2337 680 2388 dubitare
699 2336 761 2388 hin·

204 2406 331 2457 richtlich
367 2405 413 2456 des
451 2405 602 2455 Gelesenen
630 2404 761 2456 beziehen

204 2474 330 2525 kinnen‘l
343 2473 353 2540 11
366 2480 522 2540 repetamus
533 2473 636 2539 autern]
646 2472 688 2522 die
698 2490 761 2524 vor·

203 2541 252 2591 her
271 2541 323 2606 (bei
335 2540 384 2592 der
398 2539 524 2600 LectiireJ
537 2539 610 2592 bloss
624 2541 662 2592 als
675 2541 760 2606 rudg-

203 2608 272 2659 lich
295 2608 436 2660 erwiihnte
459 2607 673 2674 Wiederholung
692 2607 761 2658 wird

202 2675 289 2727 durch
303 2675 374 2726 disse
388 2674 595 2741 Austorderung
607 2674 677 2727 dazu
691 2675 761 2726 such

204 2743 243 2795 als
262 2743 322 2794 eine
334 2742 575 2808 nothwendige
591 2742 759 2809 dergestellt.

202 2810 211 2877 11
241 2811 437 2878 retractemus]
467 2810 551 2876 vergl.
587 2810 622 2874 X,
662 2817 691 2874 3,
729 2815 758 2872 73

204 2879 252 2942 XI,
276 2883 299 2939 2,
319 2884 364 2941 35;
388 2877 499 2928 iihnlich
527 2877 578 2928 wie
602 2883 628 2942 5,
650 2881 665 2929 8
687 2885 760 2928 trec·

203 2954 292 2996 tamus
322 2944 443 3010 singula,
472 2944 507 2994 ini
540 2947 694 3010 Gegensstz
724 2961 760 2994 zu

200 3012 260 3062 dem
285 3017 473 3064 transcurrere
504 3010 620 3062 lectione
648 3029 758 3062 secura:

199 3078 417 3196 ‹griinfflichkund
428 3077 589 3196 ivxiseqerlbqlt
597 3078 760 3198 behspdegq,

223 3163 270 3196 ure
309 3163 340 3196 en
362 3162 405 3197 en.
497 3185 503 3197 .
557 3163 590 3198 rc.
621 3163 690 3196 ors.

204 3219 266 3266 1182
285 3214 385 3265 habeat
403 3162 494 3264 omnis
508 3211 696 3280 philosophiae
711 3186 759 3264 no3

203 3293 245 3334 tos
264 3299 295 3334 ec
314 3289 446 3333 tractatos
459 3281 539 3333 locos.
558 3279 568 3347 11
582 3281 759 3348 dipernntar]

198 3374 235 3393 ¹=
253 3358 469 3418 concoquantur,
488 3349 521 3401 cf.
543 3349 590 3414 XI,
610 3355 634 3413 2,
653 3353 698 3402 35;
718 3348 759 3398 dl·

199 3425 309 3482 gestum
337 3419 441 3476 cibum;
469 3425 526 3468 eret
553 3416 621 3468 nach
642 3410 759 3468 Cicerc's

202 3484 272 3535 Zeit.
288 3485 297 3550 11
311 3485 400 3549 lectio]
420 3484 468 3534 das
484 3484 623 3536 Gelesene.
639 3484 648 3550 11
663 3502 759 3534 mema-

201 3553 262 3602 riae
274 3551 488 3616 imitationique]
505 3551 563 3601 dem
579 3551 759 3602 Geda'chtniss

202 3635 252 3669 aur
272 3617 513 3683 (demnichstigen)
533 3616 740 3682 Nachahnrung.

235 3689 277 3739 20.
292 3684 417 3752 nonnisi]
434 3685 559 3749 Adverb,
574 3684 704 3736 daherals
714 3685 758 3735 ein

199 3754 283 3805 Wort
301 3770 334 3804 zu
357 3751 510 3813 schreiben‚
535 3751 586 3802 wie
604 3757 629 3816 3,
648 3757 695 3814 294
715 3751 758 3802 ein

203 3821 348 3872 Gebrnnch
362 3820 410 3871 der
422 3821 534 3888 spitern
549 3819 619 3881 Zeit,
633 3818 759 3870 wiewohl

202 3889 271 3940 auch
282 3889 324 3940 bei
332 3887 487 3950 Quiritillan
498 3889 555 3940 sich
568 3886 760 3937 beideWiirtcr

203 3956 273 4007 noch
284 3964 424 4022 genennt,
436 3956 465 4006 in
477 3955 666 4021 umgekehrter
675 3953 760 4020 Folge

203 4040 229 4078 n.
237 4041 269 4074 an
281 4023 489 4075 verschiedenen
497 4025 596 4075 Sa'tzen
605 4023 759 4074 oderSatz-

200 4090 322 4156 gliedern
341 4092 459 4156 benogen
480 4091 581 4152 finden,
601 4090 653 4141 wie
672 4097 695 4154 3,
713 4095 758 4152 30;

203 4163 228 4222 5,
247 4163 269 4210 5.
282 4159 292 4224 11
304 4157 402 4226 fallat]
416 4158 444 4208 in
459 4157 509 4208 wie
521 4159 604 4210 seru?
617 4157 626 4225 11
641 4161 677 4209 ad
690 4159 758 4208 scri·

202 4227 285 4276 tendi
307 4225 532 4292 sollicitudinem]
560 4226 600 4278 ita
624 4233 655 4277 nt
677 4225 758 4276 lectio

201 4292 316 4344 accedat
338 4293 371 4342 sd
395 4293 452 4343 soll.
471 4310 523 4346 scr.
543 4293 615 4347 Plin.
634 4312 677 4361 ep.
695 4297 721 4358 2,
734 4297 757 4354 5,

200 4365 217 4410 2
235 4359 384 4426 gebraucht
394 4358 482 4430 ¹dafiir
496 4360 676 4412 intentionenr
690 4357 758 4412 scri-

815 2335 915 2391 bentis.
945 2336 955 2404 11
986 2355 1018 2387 ea
1036 2337 1144 2402 intepet
1163 2374 1169 2386 .
1241 2355 1274 2388 ea
1291 2337 1376 2390 inda-

817 2405 898 2470 stria]
913 2405 947 2459 cl.
961 2407 985 2468 §-
1000 2407 1056 2455 125.
1071 2409 1094 2464 3,
1110 2405 1155 2466 18;
1170 2409 1195 2465 5,
1209 2409 1238 2466 9;
1253 2404 1376 2471 dagegsn

816 2472 854 2536 ΙΙ,
872 2477 897 2534 4,
919 2476 949 2524 13
967 2471 1001 2522 de
1021 2472 1137 2538 integro.
1177 2471 1283 2523 Friiher
1300 2482 1377 2552 segre

816 2556 879 2590 rnen
899 2556 951 2591 nur
968 2539 1001 2590 dc
1019 2539 1084 2590 oder
1097 2539 1129 2590 ab
1143 2538 1259 2604 integro,
1280 2538 1312 2590 de
1331 2557 1375 2591 rn-

816 2607 930 2660 dustria.
951 2607 961 2674 11
982 2605 1196 2674 praecipueque]
1217 2623 1376 2673 vorzugs-

815 2675 928 2736 incise,
952 2673 1010 2724 hier
1031 2691 1050 2728 s¹
1075 2691 1100 2724 v.
1123 2690 1146 2724 a.
1167 2671 1215 2724 das
1232 2683 1309 2726 sonst
1328 2691 1375 2740 ge-

816 2741 968 2793 wiihnliche
987 2740 1156 2808 praesertim,
1170 2741 1286 2795 zuiual.
1306 2743 1374 2798 Hor.

815 2807 1222 2876 ep.2,1,261;s.nnch§.89.

849 2881 889 2927 21.
910 2875 1039 2942 actionis]
1064 2899 1097 2918 =
1117 2875 1257 2934 orationis,
1278 2876 1328 2928 wie
1347 2881 1373 2942 S.

814 2948 846 2994 22
867 2943 922 2994 und
941 2947 964 3005 5,
985 2948 1032 3003 an
1053 2961 1073 2993 s.
1094 2961 1118 2994 o.
1134 2960 1168 2993 zu
1182 2947 1205 3006 §-
1221 2947 1261 2996 17.
1275 2945 1285 3010 11
1299 2951 1388 2998 sam·‘

814 3011 869 3078 ma]
892 3028 946 3062 von
965 3010 1013 3061 der
1032 3010 1220 3076 Rcihenfolge,
1239 3035 1273 3054 =
1285 3023 1373 3063 extre·

816 3095 872 3140 rna3
902 3097 923 3128 s.
947 3081 974 3140 §.
998 3083 1044 3128 97:
1067 3095 1172 3129 summa
1199 3078 1227 3128 in
1250 3079 1376 3130 excolen-

815 3145 855 3197 dis
875 3145 1003 3212 operibus
1023 3161 1126 3197 manus.
1148 3145 1157 3211 11
1179 3161 1230 3196 suo
1249 3147 1317 3214 loeo]
1338 3147 1374 3200 da

815 3231 858 3264 wo
876 3230 906 3265 es
923 3212 1006 3264 steht.
1158 3267 1161 3276 ,

848 3285 890 3334 22.
928 3281 1121 3332 Demosthenis
1157 3287 1182 3334 et
1217 3283 1372 3351 Aeschinis]

814 3349 935 3415 gemeint
951 3349 1013 3400 sind
1031 3348 1075 3400 die
1091 3349 1186 3400 Reden
1205 3349 1251 3402 des
1276 3351 1375 3403 Demo·

814 3417 924 3470 sthenes
937 3417 993 3468 und
1006 3417 1052 3468 des
1066 3416 1213 3468 Aeschines
1227 3416 1261 3466 de
1274 3435 1375 3470 corona

813 3483 917 3536 sivein
938 3482 1154 3550 Ctesiphontem,
1169 3483 1179 3547 11
1200 3484 1291 3533 Servii
1309 3487 1373 3536 Sal·

836 3551 893 3615 icit]
914 3569 933 3606 s¹
954 3554 977 3611 §.
1000 3553 1055 3602 116.
1073 3549 1083 3615 11
1098 3550 1248 3615 Messalae]
1269 3554 1293 3613 §.
1317 3558 1372 3605 113.

820 3621 890 3682 ipro
914 3616 1040 3682 Aufidia]
1070 3616 1118 3666 der
1147 3614 1206 3667 hier
1231 3618 1373 3672 erwiihnte

815 3683 965 3736 Rechtsfall
983 3683 1020 3734 ist
1039 3682 1116 3733 nicht
1128 3683 1224 3734 inciter
1241 3685 1373 3738 bekannt.

816 3752 894 3803 Auch
907 3751 944 3802 ist
957 3749 1104 3816 ungewiss,
1118 3767 1173 3801 wer
1184 3769 1238 3802 von
1254 3752 1305 3804 den
1315 3755 1373 3804 bei-

814 3819 866 3870 den
879 3821 1045 3870 Genannten
1059 3817 1107 3868 der
1114 3817 1304 3885 Vertheidiger
1318 3821 1373 3873 und

815 3904 871 3938 wer
881 3885 928 3938 der
941 3887 1078 3952 Ankldger
1088 3902 1213 3952 genesen
1228 3889 1274 3942 sei.
1287 3888 1297 3956 11
1311 3891 1373 3940 Pol-

815 3955 908 4022 lionis]
927 3974 947 4007 s.
970 3959 994 4019 S.
1015 3960 1070 4009 113.
1084 3953 1095 4021 11
1109 3955 1212 4022 Cassii]
1236 3958 1260 4019 §.
1282 3962 1337 4011 116.
1359 3957 1370 4024 11

815 4041 860 4074 reo
880 4023 1043 4090 Asprenate]
1064 4023 1094 4073 C.
1105 4021 1211 4074 Nonius
1225 4026 1371 4092 Asprenas,

814 4090 857 4141 ein
881 4090 990 4141 Freund
1008 4090 1052 4140 des
1072 4090 1221 4155 Augustus,
1237 4108 1291 4142 von
1305 4092 1373 4143 Cas-

813 4158 868 4208 sius
898 4158 946 4208 der
976 4156 1182 4208 Giftnrischerei
1210 4158 1367 4224 engeklsgt,

813 4243 866 4276 von
885 4225 973 4277 Pollio
992 4224 1167 4290 vertheidigt.

847 4297 887 4344 23.
906 4295 999 4344 minus
1016 4291 1110 4359 pares]
1132 4291 1305 4342 hinsiehtlich
1324 4293 1370 4344 des

812 4359 1003 4412 reduerischen
1030 4359 1164 4411 Werthes.
1193 4358 1204 4424 11
1234 4359 1373 4412 Ciceronis
