3028 4882
189 207 211 268 8
627 167 745 262 dAPUt'
763 207 784 276 1,
805 213 918 262 12-16.

195 371 308 452 [quare
331 369 454 448 tamen]
479 368 520 431 ad
544 369 679 433 eundem
702 369 902 434 intellectum
924 371 1082 453 feruutur,
1104 373 1142 433 ut
1165 367 1310 434 ‘ferrum'
1333 374 1377 434 es

152 477 184 524 12
196 455 339 520 ‘mucro'.
383 477 460 520 nam
487 478 545 539 per
573 456 761 522 abusionem
790 457 922 523 sicarios
950 458 1047 522 etiam
1075 457 1179 522 omnis
1202 479 1374 542 uocemue,

195 545 251 628 qui
279 545 409 609 eaedem
436 545 501 609 telo
529 567 729 629 quocumque
758 547 996 611 commiserunt.
1042 545 1106 615 alia
1136 547 1269 610 circuitu
1296 568 1373 611 ver-

195 633 312 697 borum
334 633 474 715 plurium
498 633 703 718 ostendimus,
727 635 820 718 quale
836 639 885 700 est
903 639 940 699 et
962 635 1084 718 pressi
1108 635 1218 718 copia
1240 634 1373 699 laetis..

194 721 335 805 plurima
357 743 433 786 vero
460 723 641 787 mutatione
663 723 855 807 figuramus:
885 723 950 788 seio
975 722 1053 787 ‘non
1075 722 1203 807 ignoro'
1227 726 1261 786 et
1282 727 1371 787 ‘nora

195 831 246 873 me
274 809 370 894 fugit'
399 812 432 874 et
456 809 539 874 ‘nou
565 833 616 874 me
644 810 809 895 praeterit'
837 815 870 875 et
897 812 980 895 ‘quis
1007 809 1146 875 nescit?²
1176 813 1209 874 et
1232 810 1367 877 ‘nemini

152 907 183 956 13
195 897 327 962 dubium
358 898 427 962 est'.
473 898 529 962 sed
561 899 659 965 etiam
691 921 730 962 ex
760 901 907 983 proximo
940 900 1081 964 mutuari
1112 899 1201 964 licet:
1233 921 1311 964 nam
1334 902 1376 963 et.

194 985 372 1070 ‘intellego’
400 990 434 1050 et
461 986 588 1052 ‘sentio'
613 991 645 1051 et
669 987 784 1052 ‘video'
809 1010 903 1072 saepe
917 988 1003 1052 idem
1025 989 1135 1052 valent
1158 987 1243 1070 qnod
1266 985 1374 1053 ‘scio'..

195 1096 333 1158 quorum
356 1075 450 1139 uobis
474 1075 654 1140 ubertatem
678 1099 715 1140 ae
739 1077 867 1142 divitias
891 1077 980 1141 dabit
1002 1076 1108 1158 lectio,
1130 1079 1248 1141 utnon
1262 1077 1374 1140 solum

195 1185 259 1246 quo
291 1163 387 1227 modo
422 1168 597 1246 occurrent,
630 1166 686 1229 sed
718 1166 816 1229 etiam
847 1188 910 1250 quo
943 1164 1038 1230 modo
1072 1167 1200 1248 oportet
1228 1159 1369 1228 utamur.

152 1266 262 1314 14non
290 1273 415 1335 semper
443 1253 529 1316 enim
544 1253 635 1317 ‘haec
664 1253 749 1317 inter
777 1275 811 1318 se
837 1255 922 1318 idem
948 1252 1086 1336 fatiunt,
1112 1273 1173 1316 nee
1209 1253 1293 1317 sieut
1328 1252 1368 1316 de

194 1338 361 1403 intellectu
394 1341 493 1404 animi
524 1344 610 1404 recte
642 1341 775 1405 dixerim
807 1341 934 1426 ‘video',
960 1342 1007 1404 ita
1034 1341 1072 1404 de
1102 1341 1173 1404 visu
1201 1341 1369 1405 oculorum

195 1426 381 1512 ‘intellego',
413 1450 473 1492 neo
505 1433 542 1492 ut
566 1428 698 1494 ‘mucro'
732 1431 889 1514 gladium,
919 1431 964 1494 sic
996 1451 1184 1494 mueronem
1216 1427 1374 1512 ‘gladius'¹

152 1535 184 1585 15
196 1516 347 1580 ostendit.
393 1517 448 1580 sed
471 1519 509 1581 ut
530 1519 623 1600 copia
643 1519 815 1584 verborum
830 1521 875 1583 sio
889 1521 1031 1602 paratur,
1053 1519 1100 1582 ita
1114 1540 1182 1581 non
1195 1517 1370 1582 verborum,

194 1607 324 1668 tautum
357 1605 463 1688 gratia
493 1607 665 1691 legendum
697 1608 749 1672 vel
780 1607 974 1671 audiendum
1007 1609 1064 1672 est.
1108 1628 1185 1670 nam
1213 1606 1374 1688 omnium,

193 1715 412 1776 quaecumque
426 1694 590 1779 docemus,
612 1695 674 1760 hoo
699 1699 775 1760 sunt
798 1697 943 1780 exempla
965 1695 1150 1779 potentiora
1168 1694 1265 1758 etiam
1287 1694 1374 1776 ipsis·

195 1803 277 1864 quae
305 1782 477 1850 traduntur
507 1784 644 1867 artibus,
672 1806 745 1848 cum
772 1807 809 1849 eo
839 1785 894 1869 qui
921 1784 1016 1848 discit
1043 1783 1215 1868 perductus
1244 1785 1308 1865 est,
1330 1786 1368 1844 ut

192 1869 381 1954 intellegere
406 1892 443 1934 ea
458 1873 526 1936 sine
542 1871 782 1937 demonstrante
804 1877 836 1937 et
851 1874 942 1957 sequi
955 1873 1020 1936 iam
1035 1873 1101 1936 suis
1116 1871 1239 1934 viribus
1253 1870 1375 1954 possit,

193 1958 279 2041 quia,
323 1979 382 2022 uae
407 1959 519 2023 doctor
541 1961 714 2044 praecepit,
737 1964 846 2024 orator
874 1960 1024 2024 ostendit.

148 2084 181 2132 16
282 2061 359 2127 Alia
381 2085 456 2128 vero
481 2064 650 2148 audientis
673 2066 737 2129 alia
758 2066 896 2149 legentis
919 2064 1023 2148 magis
1047 2063 1210 2127 adiuvant.
1248 2063 1368 2126 excitat

194 2311 275 2361 Anm.
299 2313 322 2360 2.
345 2308 358 2376 Η
382 2311 419 2360 ud
442 2312 558 2360 eundem
584 2311 752 2361 intellectum

190 2375 337 2442 teruntur]
366 2375 548 2442 hingebraoht
574 2376 694 2441 werden,
718 2401 752 2420 =

192 2443 347 2509 dbergehen
366 2442 394 2494 in
413 2443 529 2495 dieselbe
548 2444 720 2510 Bedeutung.

226 2515 266 2565 12.
286 2528 352 2562 uam
371 2551 377 2561 .
397 2551 404 2565 .
423 2511 440 2578 .]
472 2511 577 2563 Beweis
600 2511 649 2564 der
671 2512 751 2578 Mog-

191 2576 306 2629 licbkeit
332 2577 377 2630 des
407 2579 475 2630 eben
499 2581 637 2645 Gesagten
665 2579 751 2630 durch

190 2644 373 2712 Hiuweisung
391 2646 440 2697 auf
455 2653 540 2698 etwas
560 2648 628 2698 noch
644 2647 751 2698 Bedeu-

190 2712 327 2776 tenderes,
350 2714 402 2764 wie
425 2717 449 2777 §.
473 2719 505 2766 23
533 2714 589 2765 und
611 2720 652 2770 83.
689 2713 750 2781 Vgl.

191 2784 255 2846 §.tl
276 2781 353 2845 (Man
365 2781 490 2850 supplire
502 2781 541 2833 als
554 2781 752 2848 Mittelgedan-

192 2849 260 2900 ken:
281 2865 367 2916 neque
389 2849 417 2900 id
436 2849 555 2914 mirum).
580 2849 589 2916 ΙΙ
613 2868 663 2916 per
681 2851 750 2900 abu-

193 2917 297 2967 sionem
316 2959 322 2969 .
341 2957 347 2966 .
368 2915 386 2982 ]
408 2915 634 2979 cf.V111‚6,34:
654 2911 751 2968 ‘autoi-

191 2997 300 3050 χρησις,
319 2999 399 3049 quam
419 2989 493 3034 recte
511 2982 624 3041 dicimus
643 2982 750 3034 abusio-

190 3065 265 3110 nem,
290 3065 360 3115 quae
383 3067 437 3100 non
468 3050 630 3102 habentibus
653 3067 750 3102 nomen

189 3132 269 3168 suum
289 3117 476 3169 accommodat
495 3117 567 3185 quod
585 3117 613 3168 in
627 3117 750 3186 proximo

190 3192 243 3249 est,
261 3183 314 3235 sic:
334 3203 433 3252 equum
446 3184 540 3238 divina
552 3184 672 3238 Palladis
693 3192 752 3238 arte

189 3253 361 3319 aedificant)
374 3252 384 3320 ΙΙ
408 3255 462 3304 telo
481 3253 659 3322 quocumque]
686 3253 753 3305 iiber

191 3319 283 3370 diesen
315 3320 463 3373 Gebrauch
490 3320 536 3374 des
564 3321 752 3388 verallgemel-

192 3388 315 3440 nernden
335 3388 457 3440 Relativs
476 3389 516 3440 als
534 3389 711 3442 Indefinitum
730 3407 751 3444 ε.

191 3453 242 3510 Kr.
262 3459 312 3507 Gr.
331 3459 356 3518 5.
370 3460 429 3516 432,
443 3455 522 3507 Anm.
536 3456 546 3520 ΙΙ
559 3457 679 3508 circuitu
692 3475 752 3508 uer-

193 3523 289 3574 borum
299 3521 436 3588 plurium]
447 3522 566 3586 cf.VllI,
575 3529 599 3585 6,
610 3529 642 3575 59
651 3542 657 3573 =
666 3524 751 3591 pluri-

188 3589 239 3640 bus
261 3589 349 3640 verbis
372 3605 433 3640 cunr
458 3589 500 3653 id,
524 3589 596 3656 quod
620 3607 674 3640 uno
702 3603 751 3642 aut

191 3656 364 3725 paucioribus
374 3664 446 3708 certe
457 3656 510 3707 dici
520 3664 619 3724 potest,
633 3656 749 3725 explica·

190 3732 246 3788 tur,
266 3725 440 3792 περίφρασιν
452 3731 565 3786 vocant,
579 3724 750 3776 circumitum

190 3792 327 3910 Quendam
345 3790 521 3861 eloquendiss
546 3798 572 3842 et
590 3834 596 3846 .
612 3831 636 3847 ,,
656 3792 747 3872 lactis]

190 3858 680 3980 ,t‘trtttttllttttttttl
693 3859 751 3978 tt

187 3995 236 4056 IX,
251 4004 274 4061 1,
294 4001 324 4049 9:
342 4003 397 4048 tam
410 3994 552 4047 translatis
566 3994 655 4046 verbis
668 4011 750 4062 quam

186 4064 308 4131 propriis
323 4065 461 4130 figuratur
478 4061 577 4115 oratio.
607 4061 685 4114 Nach
699 4062 749 4127 lX,

189 4136 214 4197 1,
236 4138 252 4182 4
275 4131 313 4182 ist
335 4132 440 4197 ligura:
465 4129 645 4182 conformatio
668 4147 749 4198 quae·

189 4198 251 4248 dam
279 4199 411 4250 orationis
439 4205 543 4250 remota
570 4216 585 4249 a
613 4198 750 4249 communi

188 4275 216 4316 et
229 4264 344 4334 primum
358 4282 387 4316 se
400 4266 534 4318 offerente
548 4264 664 4330 ratione,
684 4267 748 4317 oder

189 4332 240 4386 mit
258 4350 283 4386 a.
297 4334 339 4384 W.
359 4333 486 4387 ebendas.
522 4335 605 4397 §.142
625 4340 685 4386 arte
697 4331 748 4386 ali-

808 2326 863 2378 qua
890 2315 993 2360 novata
1019 2308 1109 2360 lorma
1132 2306 1248 2362 dicendi.
1285 2308 1367 2359 Also:
1390 2353 1394 2358 .

808 2377 872 2429 ‘wir
892 2375 1026 2428 bedienen
1046 2393 1096 2427 uns
1121 2375 1197 2427 einer
1215 2375 1303 2441 Figur
1321 2375 1372 2426 des

807 2444 966 2498 Ausdruoks
1001 2443 1030 2495 in
1065 2443 1152 2510 Fulge
1187 2442 1262 2495 einer
1297 2443 1367 2494 Ver·

807 2513 986 2578 tauschung.’

842 2621 881 2670 13.
900 2632 933 2665 eu
944 2613 1083 2681 proximo]
1097 2610 1215 2677 gemeint
1229 2609 1289 2662 sind
1302 2610 1365 2661 hin-

805 2680 932 2734 sichtlich
955 2680 1003 2731 der
1027 2679 1188 2743 Bedeutung
1216 2679 1284 2729 nahe
1306 2695 1371 2729 ver-

807 2749 918 2801 wandte
937 2746 1106 2798 Ausdriicke.
1129 2745 1139 2812 ll
1161 2749 1313 2796 ubertatem
1332 2765 1366 2796 oc

807 2815 934 2880 divitius]
954 2813 1042 2864 reiche
1061 2812 1149 2865 Fiille.
1340 2823 1346 2832 ·

842 2921 880 2969 14.
906 2911 1030 2984 lucium]
1059 2915 1102 2965 die
1131 2913 1294 2980 Bedeutung
1318 2913 1371 2964 der

805 2985 917 3037 Wdrter
945 2983 983 3036 ist
1010 2982 1060 3034 wie
1087 2981 1147 3033 eine
1171 2981 1367 3033 Wirksamkelt

806 3052 943 3105 desselben
979 3050 1143 3102 betrachtet.
1188 3049 1279 3100 Dsher
1314 3048 1370 3114 IX,

806 3127 832 3186 3,
853 3125 899 3174 47:
924 3136 974 3172 nec
997 3119 1079 3169 verba
1103 3116 1181 3169 modo
1202 3116 1248 3168 sed
1272 3132 1367 3168 sensus

807 3205 916 3256 quoque
931 3189 1000 3240 idem
1020 3185 1153 3237 facientes
1166 3192 1338 3237 acervantur.

841 3288 881 3336 15.
909 3285 948 3336 sio
974 3287 1104 3356 paratur]
1133 3287 1220 3339 multa
1247 3287 1369 3339 lectione·

807 3359 890 3421 atque
919 3354 1069 3418 auditione,
1099 3373 1118 3406 s.
1149 3359 1173 3418 s.
1198 3360 1238 3406 10.
1265 3353 1276 3420 ΙΙ
1300 3372 1365 3406 uam

807 3422 928 3471 omnium
952 3462 958 3475 .
979 3423 1014 3490 ,]
1039 3422 1104 3474 eben
1125 3421 1187 3473 weil
1207 3424 1321 3486 lependo
1340 3429 1366 3472 et

807 3489 949 3539 audiendo
968 3489 1038 3541 noch
1055 3488 1137 3540 vieles
1152 3487 1252 3539 andere
1265 3505 1299 3539 zu
1314 3488 1363 3539 ler-

807 3571 859 3604 nen
878 3553 922 3613 ist,
942 3555 1026 3606 sollen
1046 3554 1097 3606 wir
1116 3553 1192 3606 nicht
1205 3554 1277 3606 bloss
1291 3555 1365 3607 lesen

805 3619 862 3672 und
880 3619 974 3683 hdreu,
995 3639 1039 3673 nm
1058 3637 1157 3673 unsere
1179 3622 1364 3674 Wortkennt-

806 3687 860 3738 niss
879 3704 911 3740 zu
930 3689 1086 3741 erweitern.
1116 3689 1125 3755 ΙΙ
1156 3690 1216 3756 boc]
1239 3711 1273 3732 =
1294 3690 1366 3754 ideo,
1409 3721 1413 3728 ·

803 3753 915 3820 idcirco,
934 3755 1102 3808 ltinweisend
1115 3758 1165 3808 auf
1178 3757 1226 3808 das
1239 3757 1369 3823 folgende

805 3824 887 3890 quiu3
907 3824 942 3876 cf.
962 3827 986 3887 §.
1006 3829 1039 3877 34
1057 3825 1113 3876 und
1134 3829 1189 3878 129.
1210 3823 1220 3890 ll
1241 3825 1363 3891 artibus]

804 3913 838 3933 =
851 3891 918 3942 artis
931 3891 1097 3962 praeceptis;
1112 3892 1182 3945 auch
1195 3909 1362 3944 zusammen·

805 3957 915 4024 gestellt
958 3977 1056 4028 praece
1077 3969 1107 4012 ta
1154 3965 1236 4027 atque
1280 3966 1365 4012 artes.

803 4027 827 4091 I,
847 4044 966 4094 prooem.
985 4032 1030 4080 26.
1055 3979 1074 4095 ll
1090 4025 1222 4094 ostendit]
1243 4043 1273 4077 er
1291 4026 1365 4093 zeigt

804 4110 831 4212 fs
848 4095 877 4145 in
897 4095 945 4146 der
960 4094 1162 4158 Wirklichkeit,
1180 4094 1363 4146 veranschau-

814 4162 872 4213 ioht
891 4180 926 4219 es.
992 4191 995 4198 ·

839 4268 950 4318 16-19.
976 4265 1042 4316 Was
1072 4263 1118 4315 fiir
1147 4263 1288 4316 Vortheile
1317 4279 1364 4328 ge-

805 4332 894 4385 wiihrt
905 4333 953 4385 das
967 4331 1098 4384 Anhiiren
1112 4329 1282 4383 miiudlirher
1292 4329 1365 4382 Vor-
